timestamp,side,size,price
2023-11-27 14:06:39,sell,81.0,36964.1
2023-11-27 14:06:43,buy,140.0,36964.2
2023-11-27 14:06:49,sell,6.0,36964.1
2023-11-27 14:06:50,sell,2.0,36964.1
2023-11-27 14:06:53,sell,30.0,36964.1
2023-11-27 14:06:58,sell,10.0,36960.0
2023-11-27 14:07:03,buy,1.0,36960.1
2023-11-27 14:07:06,sell,275.0,36960.0
2023-11-27 14:07:11,sell,60.0,36960.0
2023-11-27 14:07:19,buy,10.0,36958.1
2023-11-27 14:07:23,sell,2.0,36958.0
2023-11-27 14:07:26,sell,7.0,36956.6
2023-11-27 14:07:33,sell,11.0,36956.6
2023-11-27 14:07:34,sell,219.0,36956.6
2023-11-27 14:07:35,sell,17.0,36946.5
2023-11-27 14:07:37,buy,52.0,36946.6
2023-11-27 14:07:38,buy,1.0,36952.2
2023-11-27 14:07:39,sell,7.0,36955.5
2023-11-27 14:07:40,sell,26.0,36955.5
2023-11-27 14:07:41,buy,2.0,36955.6
2023-11-27 14:07:43,sell,2.0,36959.0
2023-11-27 14:07:50,buy,2.0,36959.1
2023-11-27 14:07:57,buy,135.0,36959.1
2023-11-27 14:07:58,sell,11.0,36959.0
2023-11-27 14:08:00,sell,217.0,36959.0
2023-11-27 14:08:15,buy,6.0,36955.4
2023-11-27 14:08:27,buy,5.0,36962.4
2023-11-27 14:08:35,buy,13.0,36962.4
2023-11-27 14:08:37,sell,219.0,36962.3
2023-11-27 14:08:38,sell,55.0,36958.1
2023-11-27 14:08:39,sell,13.0,36958.1
2023-11-27 14:08:40,sell,10.0,36958.1
2023-11-27 14:08:41,sell,14.0,36958.1
2023-11-27 14:08:42,sell,15.0,36958.1
2023-11-27 14:08:53,sell,2.0,36946.9
2023-11-27 14:08:55,sell,4.0,36945.0
2023-11-27 14:08:56,sell,52.0,36941.4
2023-11-27 14:08:58,buy,2.0,36941.5
2023-11-27 14:09:03,buy,66.0,36941.5
2023-11-27 14:09:04,buy,11.0,36944.2
2023-11-27 14:09:05,buy,4.0,36949.8
2023-11-27 14:09:09,sell,99.0,36953.4
2023-11-27 14:09:10,buy,22.0,36953.5
2023-11-27 14:09:22,sell,13.0,36953.4
2023-11-27 14:09:27,sell,2.0,36948.8
2023-11-27 14:09:36,sell,3.0,36942.1
2023-11-27 14:09:47,sell,2.0,36940.0
2023-11-27 14:09:48,sell,17.0,36940.0
2023-11-27 14:09:50,buy,1.0,36937.4
2023-11-27 14:09:55,sell,2.0,36936.3
2023-11-27 14:09:57,sell,14.0,36936.3
2023-11-27 14:10:12,sell,5.0,36930.0
2023-11-27 14:10:15,sell,2.0,36928.0
2023-11-27 14:10:23,buy,626.0,36927.1
2023-11-27 14:10:24,buy,10.0,36928.1
2023-11-27 14:10:25,buy,10.0,36933.3
2023-11-27 14:10:28,buy,21.0,36937.4
2023-11-27 14:10:29,buy,565.0,36939.2
2023-11-27 14:10:33,buy,35.0,36939.2
2023-11-27 14:10:35,buy,10.0,36939.2
2023-11-27 14:10:38,sell,303.0,36944.7
2023-11-27 14:10:41,sell,3.0,36944.7
2023-11-27 14:10:42,buy,2.0,36950.0
2023-11-27 14:10:43,sell,390.0,36951.4
2023-11-27 14:10:45,buy,2.0,36952.5
2023-11-27 14:10:46,sell,5.0,36954.1
2023-11-27 14:10:50,buy,2.0,36954.2
2023-11-27 14:10:51,sell,27.0,36957.7
2023-11-27 14:10:59,buy,2.0,36963.4
2023-11-27 14:11:00,buy,20.0,36963.4
2023-11-27 14:11:04,buy,2.0,36965.9
2023-11-27 14:11:08,buy,2.0,36967.9
2023-11-27 14:11:09,buy,2.0,36968.1
2023-11-27 14:11:10,buy,4.0,36968.4
2023-11-27 14:11:14,buy,21.0,36972.9
2023-11-27 14:11:18,sell,490.0,36977.4
2023-11-27 14:11:21,buy,1.0,36960.3
2023-11-27 14:11:22,buy,9.0,36958.8
2023-11-27 14:11:24,sell,5.0,36958.7
2023-11-27 14:11:32,sell,2.0,36958.0
2023-11-27 14:11:39,buy,14.0,36951.9
2023-11-27 14:11:40,sell,24.0,36951.8
2023-11-27 14:11:46,buy,5.0,36951.9
2023-11-27 14:11:48,sell,1.0,36948.8
2023-11-27 14:11:52,sell,1.0,36948.8
2023-11-27 14:12:02,sell,551.0,36948.8
2023-11-27 14:12:08,buy,1.0,36949.8
2023-11-27 14:12:09,buy,24.0,36961.2
2023-11-27 14:12:20,buy,2.0,36964.8
2023-11-27 14:12:28,buy,2.0,36964.9
2023-11-27 14:12:31,buy,2.0,36968.3
2023-11-27 14:12:34,sell,3.0,36968.2
2023-11-27 14:12:36,sell,39.0,36969.6
2023-11-27 14:12:41,sell,3.0,36969.6
2023-11-27 14:12:44,sell,3.0,36969.6
2023-11-27 14:12:46,sell,3.0,36969.6
2023-11-27 14:12:49,sell,13.0,36969.6
2023-11-27 14:12:53,buy,96.0,36962.7
2023-11-27 14:12:54,sell,2.0,36962.6
2023-11-27 14:13:00,buy,33.0,36959.7
2023-11-27 14:13:09,sell,2.0,36956.6
2023-11-27 14:13:10,sell,2.0,36952.1
2023-11-27 14:13:14,buy,10.0,36951.5
2023-11-27 14:13:17,buy,2.0,36951.5
2023-11-27 14:13:31,buy,5.0,36962.9
2023-11-27 14:13:32,buy,3.0,36963.0
2023-11-27 14:13:50,sell,96.0,36964.3
2023-11-27 14:13:52,sell,15.0,36964.3
2023-11-27 14:14:01,sell,179.0,36964.3
2023-11-27 14:14:14,buy,146.0,36964.4
2023-11-27 14:14:16,buy,13.0,36964.6
2023-11-27 14:14:17,buy,2.0,36970.9
2023-11-27 14:14:18,buy,42.0,36971.0
2023-11-27 14:14:21,buy,13.0,36971.0
2023-11-27 14:14:23,buy,2.0,36972.3
2023-11-27 14:14:29,buy,34.0,36972.4
2023-11-27 14:14:39,buy,13.0,36972.6
2023-11-27 14:14:40,buy,13.0,36974.7
2023-11-27 14:14:41,buy,27.0,36975.5
2023-11-27 14:14:42,buy,42.0,36976.2
2023-11-27 14:14:44,buy,703.0,36977.5
2023-11-27 14:14:51,buy,2.0,36983.8
2023-11-27 14:14:53,buy,4.0,36985.0
2023-11-27 14:15:03,buy,2.0,36987.9
2023-11-27 14:15:07,buy,2.0,36990.6
2023-11-27 14:15:08,buy,1.0,36990.6
2023-11-27 14:15:23,buy,98.0,36985.6
2023-11-27 14:15:28,buy,1.0,36985.6
2023-11-27 14:15:34,buy,2.0,36987.3
2023-11-27 14:15:37,sell,1.0,36988.8
2023-11-27 14:15:39,buy,10.0,36989.7
2023-11-27 14:15:40,buy,24.0,36990.1
2023-11-27 14:15:42,buy,4.0,36990.2
2023-11-27 14:15:43,buy,21.0,36990.7
2023-11-27 14:15:46,buy,2.0,36990.7
2023-11-27 14:15:47,buy,1.0,36996.1
2023-11-27 14:15:48,buy,2.0,36997.1
2023-11-27 14:15:55,sell,28.0,36998.0
2023-11-27 14:15:57,buy,15.0,36998.1
2023-11-27 14:16:02,buy,10.0,37002.4
2023-11-27 14:16:14,buy,10.0,37003.0
2023-11-27 14:16:20,buy,43.0,37003.2
2023-11-27 14:16:28,buy,2.0,37003.3
2023-11-27 14:16:33,buy,21.0,37004.8
2023-11-27 14:16:34,buy,20.0,37005.7
2023-11-27 14:16:35,buy,4.0,37006.1
2023-11-27 14:16:40,buy,20.0,37009.8
2023-11-27 14:16:41,buy,540.0,37010.0
2023-11-27 14:16:42,buy,31.0,37010.0
2023-11-27 14:16:50,buy,37.0,37010.0
2023-11-27 14:16:58,sell,109.0,37009.9
2023-11-27 14:16:59,sell,3.0,37006.1
2023-11-27 14:17:02,sell,2.0,37003.1
2023-11-27 14:17:05,sell,14.0,37003.1
2023-11-27 14:17:12,sell,2.0,37004.2
2023-11-27 14:17:14,buy,3.0,37004.4
2023-11-27 14:17:15,buy,2.0,37004.7
2023-11-27 14:17:16,buy,34.0,37008.9
2023-11-27 14:17:18,sell,11.0,37009.9
2023-11-27 14:17:29,sell,55.0,37009.9
2023-11-27 14:17:39,buy,9.0,37010.0
2023-11-27 14:17:43,buy,9.0,37010.0
2023-11-27 14:17:45,buy,1000.0,37007.2
2023-11-27 14:17:46,buy,456.0,37007.2
2023-11-27 14:17:48,sell,8.0,37007.1
2023-11-27 14:17:52,sell,24.0,37007.1
2023-11-27 14:17:56,sell,1.0,37007.2
2023-11-27 14:18:01,buy,2.0,37008.7
2023-11-27 14:18:02,sell,4.0,37009.9
2023-11-27 14:18:04,buy,40.0,37010.0
2023-11-27 14:18:07,sell,1.0,37009.9
2023-11-27 14:18:10,buy,219.0,37010.0
2023-11-27 14:18:16,sell,10.0,37009.9
2023-11-27 14:18:17,sell,219.0,37009.9
2023-11-27 14:18:20,buy,1.0,37000.6
2023-11-27 14:18:21,buy,2.0,37008.5
2023-11-27 14:18:30,sell,1.0,37009.9
2023-11-27 14:18:34,buy,128.0,37010.0
2023-11-27 14:18:42,sell,79.0,37014.3
2023-11-27 14:18:44,buy,2.0,37014.4
2023-11-27 14:18:56,sell,4.0,37014.3
2023-11-27 14:18:57,buy,109.0,37014.4
2023-11-27 14:19:03,sell,19.0,37014.3
2023-11-27 14:19:18,buy,664.0,37014.4
2023-11-27 14:19:19,sell,1.0,37012.9
2023-11-27 14:19:21,buy,7.0,37008.0
2023-11-27 14:19:26,sell,1.0,37010.9
2023-11-27 14:19:30,sell,13.0,37012.5
2023-11-27 14:19:37,sell,2.0,37010.5
2023-11-27 14:19:38,sell,2.0,37010.5
2023-11-27 14:19:50,sell,2.0,37009.7
2023-11-27 14:19:58,sell,3.0,37009.7
2023-11-27 14:20:22,sell,84.0,37009.7
2023-11-27 14:20:25,sell,19.0,37009.7
2023-11-27 14:20:26,sell,1.0,37009.7
2023-11-27 14:20:31,buy,301.0,37009.8
2023-11-27 14:20:32,buy,8.0,37015.4
2023-11-27 14:20:37,sell,2.0,37018.9
2023-11-27 14:20:38,buy,79.0,37019.0
2023-11-27 14:20:40,sell,9.0,37018.9
2023-11-27 14:20:55,buy,2.0,37019.0
2023-11-27 14:20:56,sell,13.0,37020.8
2023-11-27 14:20:57,sell,13.0,37020.8
2023-11-27 14:20:58,sell,1.0,37020.8
2023-11-27 14:21:04,buy,5.0,37020.9
2023-11-27 14:21:06,buy,465.0,37020.9
2023-11-27 14:21:07,sell,10.0,37021.6
2023-11-27 14:21:10,sell,432.0,37021.7
2023-11-27 14:21:12,sell,132.0,37021.7
2023-11-27 14:21:23,sell,3.0,37021.7
2023-11-27 14:21:30,sell,13.0,37021.7
2023-11-27 14:21:31,buy,2.0,37021.8
2023-11-27 14:21:32,buy,135.0,37021.8
2023-11-27 14:21:42,sell,2.0,37020.7
2023-11-27 14:21:44,buy,248.0,37017.1
2023-11-27 14:21:45,sell,13.0,37017.0
2023-11-27 14:21:46,buy,1.0,37015.1
2023-11-27 14:22:06,buy,2.0,37021.1
2023-11-27 14:22:07,buy,13.0,37021.1
2023-11-27 14:22:08,buy,13.0,37021.1
2023-11-27 14:22:24,sell,10.0,37021.0
2023-11-27 14:22:33,sell,219.0,37022.3
2023-11-27 14:22:34,sell,13.0,37022.3
2023-11-27 14:22:35,sell,1.0,37021.0
2023-11-27 14:22:36,sell,3.0,37021.0
2023-11-27 14:22:38,sell,3.0,37021.0
2023-11-27 14:22:41,sell,13.0,37021.0
2023-11-27 14:22:42,sell,84.0,37021.0
2023-11-27 14:22:45,sell,31.0,37021.0
2023-11-27 14:22:53,buy,13.0,37008.5
2023-11-27 14:23:00,sell,42.0,37008.4
2023-11-27 14:23:01,sell,9.0,37008.4
2023-11-27 14:23:02,sell,2.0,37008.4
2023-11-27 14:23:07,sell,55.0,37005.0
2023-11-27 14:23:08,sell,1.0,37000.0
2023-11-27 14:23:16,sell,2.0,36996.2
2023-11-27 14:23:30,sell,2.0,36989.9
2023-11-27 14:23:49,buy,21.0,36995.3
2023-11-27 14:23:51,buy,53.0,36998.3
2023-11-27 14:23:59,buy,1.0,37012.4
2023-11-27 14:24:01,buy,15.0,37012.4
2023-11-27 14:24:23,buy,13.0,37012.5
2023-11-27 14:24:28,buy,1.0,37017.1
2023-11-27 14:24:29,buy,1.0,37017.1
2023-11-27 14:24:31,buy,135.0,37020.0
2023-11-27 14:24:40,buy,10.0,37020.0
2023-11-27 14:24:43,buy,1.0,37020.0
2023-11-27 14:24:47,sell,2.0,37019.9
2023-11-27 14:24:56,sell,7.0,37019.9
2023-11-27 14:25:24,buy,20.0,37020.0
2023-11-27 14:25:25,buy,2.0,37020.1
2023-11-27 14:25:55,buy,44.0,37025.8
2023-11-27 14:26:01,buy,11.0,37025.8
2023-11-27 14:26:03,sell,80.0,37025.7
2023-11-27 14:26:04,buy,1.0,37019.9
2023-11-27 14:26:13,buy,12.0,37019.9
2023-11-27 14:26:27,buy,1.0,37021.9
2023-11-27 14:26:29,sell,11.0,37023.1
2023-11-27 14:26:35,sell,39.0,37025.2
2023-11-27 14:26:44,buy,2.0,37025.3
2023-11-27 14:27:10,buy,300.0,37025.3
2023-11-27 14:27:12,buy,25.0,37025.3
2023-11-27 14:27:23,buy,2.0,37028.6
2023-11-27 14:27:24,buy,42.0,37028.6
2023-11-27 14:27:26,sell,2.0,37019.0
2023-11-27 14:27:30,buy,1.0,37017.6
2023-11-27 14:27:41,buy,7.0,37017.6
2023-11-27 14:27:45,sell,553.0,37017.5
2023-11-27 14:27:47,sell,110.0,37017.5
2023-11-27 14:27:54,sell,1.0,37013.9
2023-11-27 14:27:55,buy,219.0,37014.0
2023-11-27 14:27:59,sell,2.0,37020.6
2023-11-27 14:28:08,buy,500.0,37020.7
2023-11-27 14:28:12,buy,55.0,37021.6
2023-11-27 14:28:14,buy,21.0,37025.4
2023-11-27 14:28:16,buy,1.0,37026.8
2023-11-27 14:28:23,sell,129.0,37026.7
2023-11-27 14:28:24,sell,8.0,37025.7
2023-11-27 14:28:33,buy,109.0,37025.8
2023-11-27 14:28:38,sell,2.0,37025.7
2023-11-27 14:28:39,sell,5.0,37025.7
2023-11-27 14:28:54,buy,10.0,37025.9
2023-11-27 14:29:05,buy,18.0,37025.9
2023-11-27 14:29:08,buy,16.0,37025.9
2023-11-27 14:29:09,buy,219.0,37027.3
2023-11-27 14:29:20,buy,2.0,37032.2
2023-11-27 14:29:21,buy,13.0,37034.1
2023-11-27 14:29:22,buy,7.0,37034.1
2023-11-27 14:29:27,buy,13.0,37034.1
2023-11-27 14:29:28,buy,2.0,37035.4
2023-11-27 14:29:29,buy,18.0,37036.0
2023-11-27 14:29:31,buy,190.0,37037.3
2023-11-27 14:29:35,buy,2.0,37037.3
2023-11-27 14:29:36,buy,17.0,37037.3
2023-11-27 14:29:50,buy,11.0,37038.8
2023-11-27 14:29:52,buy,13.0,37038.8
2023-11-27 14:29:54,buy,13.0,37038.8
2023-11-27 14:29:55,buy,2.0,37039.0
2023-11-27 14:30:01,buy,258.0,37039.0
2023-11-27 14:30:05,buy,26.0,37039.0
2023-11-27 14:30:08,buy,202.0,37039.0
2023-11-27 14:30:09,buy,26.0,37039.0
2023-11-27 14:30:10,buy,10.0,37039.0
2023-11-27 14:30:16,buy,13.0,37039.0
2023-11-27 14:30:19,sell,2.0,37038.9
2023-11-27 14:30:22,buy,2.0,37039.0
2023-11-27 14:30:46,buy,2.0,37040.6
2023-11-27 14:30:54,buy,1.0,37040.6
2023-11-27 14:30:55,buy,13.0,37043.9
2023-11-27 14:31:01,buy,96.0,37045.0
2023-11-27 14:31:09,buy,2.0,37047.5
2023-11-27 14:31:17,buy,2.0,37048.2
2023-11-27 14:31:27,buy,2.0,37050.0
2023-11-27 14:31:28,sell,1.0,37052.4
2023-11-27 14:31:31,sell,1.0,37052.4
2023-11-27 14:31:43,sell,2.0,37052.4
2023-11-27 14:31:44,buy,236.0,37049.6
2023-11-27 14:31:50,buy,60.0,37049.6
2023-11-27 14:32:29,sell,5.0,37049.5
2023-11-27 14:32:53,buy,13.0,37049.6
2023-11-27 14:32:59,sell,1.0,37055.9
2023-11-27 14:33:10,buy,1.0,37056.0
2023-11-27 14:33:15,buy,191.0,37056.0
2023-11-27 14:33:16,buy,14.0,37056.0
2023-11-27 14:33:29,buy,4.0,37059.3
2023-11-27 14:33:46,sell,1.0,37060.3
2023-11-27 14:34:01,sell,43.0,37060.3
2023-11-27 14:34:06,buy,21.0,37060.4
2023-11-27 14:34:20,buy,1.0,37060.4
2023-11-27 14:34:21,buy,5.0,37060.4
2023-11-27 14:34:26,buy,109.0,37061.4
2023-11-27 14:34:27,sell,1.0,37066.7
2023-11-27 14:34:28,sell,241.0,37066.7
2023-11-27 14:34:35,buy,13.0,37066.8
2023-11-27 14:34:42,sell,2.0,37066.7
2023-11-27 14:34:54,buy,13.0,37063.3
2023-11-27 14:34:56,sell,11.0,37063.2
2023-11-27 14:35:01,sell,1.0,37063.2
2023-11-27 14:35:02,sell,15.0,37060.3
2023-11-27 14:35:04,buy,264.0,37060.1
2023-11-27 14:35:05,sell,17.0,37060.0
2023-11-27 14:35:07,sell,2.0,37060.0
2023-11-27 14:35:08,sell,10.0,37060.0
2023-11-27 14:35:12,buy,7.0,37055.0
2023-11-27 14:35:16,sell,2.0,37053.9
2023-11-27 14:35:17,sell,2.0,37050.0
2023-11-27 14:35:19,sell,2.0,37049.0
2023-11-27 14:35:23,buy,2.0,37051.1
2023-11-27 14:35:25,buy,5.0,37052.0
2023-11-27 14:35:37,sell,2.0,37051.5
2023-11-27 14:35:45,sell,11.0,37049.2
2023-11-27 14:35:49,sell,2.0,37047.9
2023-11-27 14:35:53,sell,2.0,37046.9
2023-11-27 14:35:57,sell,16.0,37044.5
2023-11-27 14:36:05,sell,2.0,37038.4
2023-11-27 14:36:09,sell,77.0,37038.4
2023-11-27 14:36:12,buy,13.0,37038.5
2023-11-27 14:36:13,sell,35.0,37052.3
2023-11-27 14:36:18,buy,2.0,37053.4
2023-11-27 14:36:26,buy,2.0,37055.8
2023-11-27 14:36:32,sell,11.0,37058.3
2023-11-27 14:36:42,buy,2.0,37058.4
2023-11-27 14:36:48,sell,8.0,37057.3
2023-11-27 14:36:50,sell,24.0,37056.4
2023-11-27 14:37:02,buy,2.0,37056.1
2023-11-27 14:37:14,buy,5.0,37058.0
2023-11-27 14:37:15,buy,7.0,37062.7
2023-11-27 14:37:23,sell,15.0,37063.6
2023-11-27 14:37:25,sell,71.0,37063.6
2023-11-27 14:37:37,sell,2.0,37055.3
2023-11-27 14:37:40,sell,23.0,37050.9
2023-11-27 14:37:52,sell,2.0,37050.0
2023-11-27 14:38:03,sell,2.0,37048.0
2023-11-27 14:38:05,buy,4.0,37045.9
2023-11-27 14:38:06,sell,2.0,37045.8
2023-11-27 14:38:07,sell,12.0,37043.0
2023-11-27 14:38:12,sell,423.0,37039.2
2023-11-27 14:38:13,buy,85.0,37036.3
2023-11-27 14:38:14,sell,2.0,37035.2
2023-11-27 14:38:18,sell,112.0,37026.3
2023-11-27 14:38:26,sell,598.0,37022.5
2023-11-27 14:38:32,sell,132.0,37022.5
2023-11-27 14:38:34,buy,1.0,37022.5
2023-11-27 14:38:39,sell,43.0,37019.8
2023-11-27 14:38:40,sell,10.0,37016.0
2023-11-27 14:38:41,buy,11.0,37015.4
2023-11-27 14:38:44,sell,3.0,37015.3
2023-11-27 14:38:49,sell,109.0,37012.2
2023-11-27 14:38:51,sell,33.0,37012.2
2023-11-27 14:39:14,sell,2.0,37011.2
2023-11-27 14:39:25,sell,2.0,37006.4
2023-11-27 14:39:30,sell,65.0,37006.4
2023-11-27 14:39:33,sell,2.0,37005.4
2023-11-27 14:39:38,buy,219.0,37004.5
2023-11-27 14:39:40,sell,4.0,37004.4
2023-11-27 14:39:41,sell,370.0,37010.8
2023-11-27 14:39:44,sell,2.0,37010.8
2023-11-27 14:39:50,buy,5.0,37010.9
2023-11-27 14:39:59,buy,123.0,37010.9
2023-11-27 14:40:03,sell,360.0,37010.8
2023-11-27 14:40:05,sell,2.0,37008.9
2023-11-27 14:40:10,sell,2.0,37005.1
2023-11-27 14:40:14,sell,5.0,37000.2
2023-11-27 14:40:15,sell,72.0,37000.0
2023-11-27 14:40:21,sell,12.0,37000.0
2023-11-27 14:40:30,sell,635.0,37000.0
2023-11-27 14:40:32,sell,2.0,36999.5
2023-11-27 14:40:38,sell,2.0,36995.9
2023-11-27 14:40:39,sell,50.0,36980.6
2023-11-27 14:40:40,buy,9.0,36976.0
2023-11-27 14:40:46,sell,19.0,36975.9
2023-11-27 14:40:48,sell,749.0,36975.9
2023-11-27 14:40:50,buy,346.0,36976.0
2023-11-27 14:40:52,sell,68.0,36982.4
2023-11-27 14:40:54,buy,5.0,36982.5
2023-11-27 14:41:01,sell,574.0,36983.7
2023-11-27 14:41:02,sell,13.0,36983.7
2023-11-27 14:41:07,buy,108.0,36978.8
2023-11-27 14:41:26,buy,2.0,36993.1
2023-11-27 14:41:29,buy,2.0,36996.4
2023-11-27 14:41:31,sell,2.0,36999.5
2023-11-27 14:41:46,buy,24.0,36986.0
2023-11-27 14:41:54,sell,6.0,36986.9
2023-11-27 14:41:55,sell,2.0,36983.4
2023-11-27 14:42:02,sell,850.0,36980.4
2023-11-27 14:42:04,sell,41.0,36967.9
2023-11-27 14:42:18,sell,2.0,36965.9
2023-11-27 14:42:19,sell,1.0,36965.9
2023-11-27 14:42:21,sell,35.0,36959.7
2023-11-27 14:42:24,sell,2.0,36958.7
2023-11-27 14:42:34,sell,91.0,36958.7
2023-11-27 14:42:36,buy,81.0,36958.8
2023-11-27 14:42:37,sell,1.0,36954.4
2023-11-27 14:42:39,sell,1.0,36953.3
2023-11-27 14:42:40,sell,2.0,36948.0
2023-11-27 14:42:41,sell,158.0,36941.5
2023-11-27 14:42:42,buy,232.0,36923.1
2023-11-27 14:42:43,buy,138.0,36922.5
2023-11-27 14:42:44,sell,13.0,36930.8
2023-11-27 14:42:45,buy,5.0,36930.9
2023-11-27 14:42:46,sell,24.0,36936.6
2023-11-27 14:42:48,buy,2.0,36938.4
2023-11-27 14:42:49,buy,2.0,36938.5
2023-11-27 14:42:50,buy,2.0,36943.8
2023-11-27 14:42:51,buy,208.0,36945.5
2023-11-27 14:42:54,buy,2.0,36953.7
2023-11-27 14:42:56,sell,36.0,36953.6
2023-11-27 14:42:59,sell,1.0,36951.6
2023-11-27 14:43:00,sell,5.0,36951.6
2023-11-27 14:43:01,sell,2.0,36942.4
2023-11-27 14:43:02,buy,6.0,36935.1
2023-11-27 14:43:03,buy,2.0,36939.1
2023-11-27 14:43:04,sell,10.0,36950.1
2023-11-27 14:43:09,buy,14.0,36932.3
2023-11-27 14:43:11,sell,7.0,36923.8
2023-11-27 14:43:13,sell,1.0,36921.0
2023-11-27 14:43:14,sell,27.0,36917.3
2023-11-27 14:43:15,sell,4.0,36916.0
2023-11-27 14:43:17,sell,1.0,36912.5
2023-11-27 14:43:18,sell,2.0,36911.1
2023-11-27 14:43:19,sell,132.0,36911.1
2023-11-27 14:43:21,sell,16.0,36911.1
2023-11-27 14:43:22,sell,35.0,36911.1
2023-11-27 14:43:23,sell,10.0,36911.0
2023-11-27 14:43:24,buy,77.0,36904.8
2023-11-27 14:43:27,sell,48.0,36904.7
2023-11-27 14:43:31,buy,18.0,36904.8
2023-11-27 14:43:34,sell,219.0,36904.7
2023-11-27 14:43:36,sell,2.0,36903.9
2023-11-27 14:43:37,buy,9.0,36904.0
2023-11-27 14:43:38,sell,153.0,36903.9
2023-11-27 14:43:40,buy,9.0,36904.0
2023-11-27 14:43:41,sell,19.0,36903.9
2023-11-27 14:43:42,buy,7.0,36904.0
2023-11-27 14:43:43,sell,180.0,36903.9
2023-11-27 14:43:47,sell,2.0,36903.8
2023-11-27 14:43:48,sell,201.0,36896.4
2023-11-27 14:43:49,sell,301.0,36889.8
2023-11-27 14:43:50,sell,35.0,36881.8
2023-11-27 14:43:51,sell,1.0,36881.8
2023-11-27 14:43:53,buy,142.0,36881.5
2023-11-27 14:43:54,buy,86.0,36881.5
2023-11-27 14:43:55,sell,10.0,36881.4
2023-11-27 14:43:56,sell,9.0,36875.0
2023-11-27 14:43:57,sell,9.0,36856.9
2023-11-27 14:43:58,sell,252.0,36863.9
2023-11-27 14:43:59,sell,210.0,36860.5
2023-11-27 14:44:00,buy,70.0,36860.6
2023-11-27 14:44:01,sell,13.0,36874.1
2023-11-27 14:44:02,sell,246.0,36881.8
2023-11-27 14:44:03,buy,4.0,36886.0
2023-11-27 14:44:04,buy,10.0,36891.6
2023-11-27 14:44:05,sell,10.0,36884.0
2023-11-27 14:44:06,sell,109.0,36880.3
2023-11-27 14:44:07,buy,1.0,36880.4
2023-11-27 14:44:09,sell,300.0,36883.7
2023-11-27 14:44:10,buy,2.0,36883.8
2023-11-27 14:44:12,sell,301.0,36888.5
2023-11-27 14:44:14,sell,219.0,36881.9
2023-11-27 14:44:15,sell,6.0,36873.4
2023-11-27 14:44:17,buy,1.0,36873.5
2023-11-27 14:44:18,buy,16.0,36873.5
2023-11-27 14:44:19,sell,2.0,36873.4
2023-11-27 14:44:20,sell,41.0,36861.2
2023-11-27 14:44:21,sell,55.0,36861.2
2023-11-27 14:44:22,buy,10.0,36858.8
2023-11-27 14:44:23,sell,57.0,36858.7
2023-11-27 14:44:24,sell,136.0,36855.6
2023-11-27 14:44:25,buy,96.0,36855.7
2023-11-27 14:44:27,sell,6.0,36864.7
2023-11-27 14:44:28,buy,4.0,36864.8
2023-11-27 14:44:29,sell,2.0,36864.7
2023-11-27 14:44:30,buy,162.0,36857.6
2023-11-27 14:44:31,sell,49.0,36860.5
2023-11-27 14:44:32,buy,2.0,36860.6
2023-11-27 14:44:33,buy,7.0,36860.6
2023-11-27 14:44:34,sell,1.0,36860.5
2023-11-27 14:44:35,sell,1.0,36860.5
2023-11-27 14:44:36,sell,10.0,36860.5
2023-11-27 14:44:37,sell,7.0,36851.1
2023-11-27 14:44:39,sell,55.0,36851.1
2023-11-27 14:44:40,sell,10.0,36861.9
2023-11-27 14:44:41,buy,2.0,36862.0
2023-11-27 14:44:43,sell,55.0,36867.6
2023-11-27 14:44:44,sell,5.0,36867.6
2023-11-27 14:44:47,buy,2.0,36860.0
2023-11-27 14:44:49,buy,2.0,36862.0
2023-11-27 14:44:50,buy,1.0,36867.0
2023-11-27 14:44:51,buy,3.0,36867.0
2023-11-27 14:44:53,sell,4.0,36870.0
2023-11-27 14:44:56,sell,558.0,36870.0
2023-11-27 14:44:58,sell,6.0,36870.0
2023-11-27 14:45:00,sell,1.0,36870.0
2023-11-27 14:45:01,sell,58.0,36870.0
2023-11-27 14:45:03,buy,21.0,36877.9
2023-11-27 14:45:05,sell,54.0,36877.8
2023-11-27 14:45:09,sell,2.0,36867.8
2023-11-27 14:45:10,buy,11.0,36867.9
2023-11-27 14:45:12,buy,109.0,36877.6
2023-11-27 14:45:13,buy,81.0,36877.6
2023-11-27 14:45:14,buy,2.0,36879.6
2023-11-27 14:45:20,buy,2.0,36880.6
2023-11-27 14:45:21,buy,1.0,36880.6
2023-11-27 14:45:22,buy,2.0,36883.0
2023-11-27 14:45:23,buy,11.0,36884.4
2023-11-27 14:45:24,buy,90.0,36884.4
2023-11-27 14:45:25,buy,35.0,36884.4
2023-11-27 14:45:27,buy,2.0,36884.4
2023-11-27 14:45:28,buy,2.0,36884.4
2023-11-27 14:45:31,sell,2.0,36884.3
2023-11-27 14:45:32,sell,2.0,36878.6
2023-11-27 14:45:33,sell,4.0,36867.8
2023-11-27 14:45:34,buy,38.0,36864.2
2023-11-27 14:45:37,buy,1.0,36864.2
2023-11-27 14:45:38,buy,50.0,36864.2
2023-11-27 14:45:39,sell,23.0,36864.1
2023-11-27 14:45:40,sell,86.0,36853.9
2023-11-27 14:45:41,sell,11.0,36845.0
2023-11-27 14:45:42,sell,142.0,36845.0
2023-11-27 14:45:43,sell,68.0,36845.0
2023-11-27 14:45:44,sell,52.0,36840.0
2023-11-27 14:45:46,sell,19.0,36840.0
2023-11-27 14:45:47,buy,107.0,36840.1
2023-11-27 14:45:48,sell,1.0,36847.6
2023-11-27 14:45:49,sell,15.0,36847.6
2023-11-27 14:45:50,sell,3.0,36847.6
2023-11-27 14:45:52,sell,10.0,36847.6
2023-11-27 14:45:53,sell,10.0,36847.6
2023-11-27 14:45:54,sell,55.0,36847.6
2023-11-27 14:45:55,sell,2.0,36842.9
2023-11-27 14:45:56,buy,12.0,36832.5
2023-11-27 14:45:58,buy,2.0,36833.5
2023-11-27 14:45:59,sell,113.0,36843.9
2023-11-27 14:46:00,buy,1.0,36844.0
2023-11-27 14:46:01,sell,9.0,36849.2
2023-11-27 14:46:02,sell,380.0,36849.2
2023-11-27 14:46:04,buy,2.0,36849.3
2023-11-27 14:46:05,buy,10.0,36854.6
2023-11-27 14:46:07,buy,2.0,36856.1
2023-11-27 14:46:08,buy,10.0,36862.7
2023-11-27 14:46:13,buy,410.0,36862.7
2023-11-27 14:46:14,buy,5.0,36862.7
2023-11-27 14:46:15,buy,1.0,36867.0
2023-11-27 14:46:17,sell,48.0,36866.9
2023-11-27 14:46:18,sell,7.0,36866.9
2023-11-27 14:46:19,sell,11.0,36855.0
2023-11-27 14:46:20,sell,44.0,36855.0
2023-11-27 14:46:21,sell,55.0,36855.0
2023-11-27 14:46:22,buy,9.0,36851.4
2023-11-27 14:46:23,buy,305.0,36851.4
2023-11-27 14:46:24,buy,1.0,36851.4
2023-11-27 14:46:26,buy,2.0,36856.5
2023-11-27 14:46:27,sell,301.0,36856.4
2023-11-27 14:46:30,buy,91.0,36856.5
2023-11-27 14:46:31,buy,2.0,36859.9
2023-11-27 14:46:32,sell,55.0,36860.8
2023-11-27 14:46:33,sell,10.0,36853.5
2023-11-27 14:46:37,buy,24.0,36849.5
2023-11-27 14:46:38,buy,112.0,36849.5
2023-11-27 14:46:39,buy,91.0,36849.5
2023-11-27 14:46:43,sell,13.0,36850.4
2023-11-27 14:46:45,buy,2.0,36852.2
2023-11-27 14:46:48,sell,1.0,36859.7
2023-11-27 14:46:51,sell,9.0,36859.7
2023-11-27 14:46:53,sell,55.0,36859.7
2023-11-27 14:46:55,sell,53.0,36853.7
2023-11-27 14:46:57,sell,11.0,36853.7
2023-11-27 14:46:59,buy,224.0,36853.8
2023-11-27 14:47:00,buy,23.0,36853.8
2023-11-27 14:47:02,buy,91.0,36853.8
2023-11-27 14:47:03,buy,2.0,36859.4
2023-11-27 14:47:04,buy,2.0,36859.4
2023-11-27 14:47:05,buy,2.0,36870.1
2023-11-27 14:47:06,buy,2.0,36873.5
2023-11-27 14:47:08,buy,1.0,36873.5
2023-11-27 14:47:14,sell,2.0,36872.4
2023-11-27 14:47:19,sell,2.0,36868.7
2023-11-27 14:47:20,sell,3.0,36865.0
2023-11-27 14:47:32,sell,2.0,36856.2
2023-11-27 14:47:33,buy,2.0,36849.5
2023-11-27 14:47:34,buy,2.0,36849.5
2023-11-27 14:47:36,sell,39.0,36849.4
2023-11-27 14:47:41,buy,15.0,36838.6
2023-11-27 14:47:44,buy,256.0,36838.6
2023-11-27 14:47:45,buy,50.0,36840.7
2023-11-27 14:47:47,sell,59.0,36840.6
2023-11-27 14:47:49,sell,2.0,36836.7
2023-11-27 14:47:50,sell,55.0,36833.4
2023-11-27 14:47:52,sell,245.0,36833.4
2023-11-27 14:47:53,sell,2.0,36833.4
2023-11-27 14:47:54,sell,2.0,36833.4
2023-11-27 14:47:55,sell,77.0,36833.0
2023-11-27 14:47:56,sell,55.0,36833.0
2023-11-27 14:47:57,buy,11.0,36827.3
2023-11-27 14:47:58,sell,50.0,36827.2
2023-11-27 14:48:01,buy,174.0,36830.8
2023-11-27 14:48:02,sell,96.0,36843.9
2023-11-27 14:48:03,sell,2.0,36839.2
2023-11-27 14:48:05,sell,163.0,36836.7
2023-11-27 14:48:06,sell,55.0,36833.1
2023-11-27 14:48:07,sell,2.0,36829.7
2023-11-27 14:48:08,sell,6.0,36827.1
2023-11-27 14:48:10,sell,1.0,36826.2
2023-11-27 14:48:11,sell,33.0,36824.0
2023-11-27 14:48:12,buy,85.0,36820.4
2023-11-27 14:48:13,sell,10.0,36820.3
2023-11-27 14:48:14,sell,2.0,36820.1
2023-11-27 14:48:15,sell,10.0,36809.2
2023-11-27 14:48:16,sell,44.0,36805.0
2023-11-27 14:48:18,sell,200.0,36805.0
2023-11-27 14:48:20,sell,35.0,36805.0
2023-11-27 14:48:21,buy,161.0,36805.1
2023-11-27 14:48:22,sell,46.0,36805.0
2023-11-27 14:48:23,buy,51.0,36805.1
2023-11-27 14:48:24,buy,11.0,36817.6
2023-11-27 14:48:26,buy,2.0,36820.6
2023-11-27 14:48:27,sell,29.0,36821.4
2023-11-27 14:48:29,buy,1.0,36823.5
2023-11-27 14:48:32,sell,109.0,36824.8
2023-11-27 14:48:35,buy,92.0,36815.7
2023-11-27 14:48:37,sell,2.0,36815.6
2023-11-27 14:48:44,buy,2.0,36812.0
2023-11-27 14:48:45,sell,3.0,36811.9
2023-11-27 14:48:48,buy,192.0,36812.0
2023-11-27 14:48:50,buy,1.0,36812.0
2023-11-27 14:48:51,sell,100.0,36811.9
2023-11-27 14:48:53,buy,18.0,36812.0
2023-11-27 14:48:54,buy,371.0,36812.0
2023-11-27 14:48:56,buy,2.0,36820.2
2023-11-27 14:48:59,buy,23.0,36820.2
2023-11-27 14:49:00,sell,1.0,36812.0
2023-11-27 14:49:02,buy,163.0,36812.1
2023-11-27 14:49:03,buy,219.0,36812.1
2023-11-27 14:49:04,sell,39.0,36812.0
2023-11-27 14:49:05,buy,36.0,36812.1
2023-11-27 14:49:06,sell,5.0,36812.0
2023-11-27 14:49:07,sell,68.0,36812.0
2023-11-27 14:49:08,buy,548.0,36812.1
2023-11-27 14:49:09,buy,177.0,36812.1
2023-11-27 14:49:10,buy,27.0,36816.3
2023-11-27 14:49:11,sell,8.0,36816.2
2023-11-27 14:49:12,buy,164.0,36824.3
2023-11-27 14:49:14,buy,55.0,36827.9
2023-11-27 14:49:15,sell,146.0,36827.8
2023-11-27 14:49:16,sell,11.0,36827.8
2023-11-27 14:49:17,buy,30.0,36827.9
2023-11-27 14:49:20,sell,4.0,36820.0
2023-11-27 14:49:21,buy,146.0,36815.4
2023-11-27 14:49:22,sell,2.0,36815.3
2023-11-27 14:49:24,sell,6.0,36808.4
2023-11-27 14:49:25,sell,364.0,36806.2
2023-11-27 14:49:28,sell,54.0,36800.2
2023-11-27 14:49:30,sell,1.0,36800.2
2023-11-27 14:49:31,sell,2.0,36800.2
2023-11-27 14:49:32,sell,4.0,36800.2
2023-11-27 14:49:33,buy,248.0,36800.3
2023-11-27 14:49:34,buy,2.0,36807.6
2023-11-27 14:49:35,buy,5.0,36813.3
2023-11-27 14:49:41,buy,59.0,36813.3
2023-11-27 14:49:44,sell,92.0,36813.2
2023-11-27 14:49:45,buy,200.0,36813.3
2023-11-27 14:49:47,sell,10.0,36813.2
2023-11-27 14:49:49,buy,2.0,36820.7
2023-11-27 14:49:50,buy,90.0,36820.7
2023-11-27 14:49:51,sell,1.0,36821.6
2023-11-27 14:49:55,buy,109.0,36824.8
2023-11-27 14:49:56,buy,47.0,36831.0
2023-11-27 14:49:57,buy,3.0,36831.0
2023-11-27 14:50:00,buy,37.0,36831.0
2023-11-27 14:50:01,buy,109.0,36831.0
2023-11-27 14:50:02,buy,2.0,36835.4
2023-11-27 14:50:04,buy,100.0,36839.0
2023-11-27 14:50:06,buy,6.0,36841.3
2023-11-27 14:50:07,sell,13.0,36841.2
2023-11-27 14:50:08,sell,219.0,36841.2
2023-11-27 14:50:09,sell,23.0,36841.2
2023-11-27 14:50:10,buy,10.0,36832.5
2023-11-27 14:50:11,buy,230.0,36832.5
2023-11-27 14:50:12,buy,301.0,36829.2
2023-11-27 14:50:14,buy,1.0,36829.2
2023-11-27 14:50:15,buy,1.0,36829.2
2023-11-27 14:50:16,buy,109.0,36838.7
2023-11-27 14:50:17,sell,5.0,36842.0
2023-11-27 14:50:20,sell,324.0,36842.0
2023-11-27 14:50:21,sell,2.0,36820.0
2023-11-27 14:50:22,sell,2.0,36819.0
2023-11-27 14:50:25,buy,19.0,36811.6
2023-11-27 14:50:26,sell,101.0,36816.8
2023-11-27 14:50:28,sell,4.0,36816.8
2023-11-27 14:50:29,buy,978.0,36816.9
2023-11-27 14:50:31,buy,37.0,36832.2
2023-11-27 14:50:33,sell,100.0,36832.1
2023-11-27 14:50:34,buy,2.0,36832.2
2023-11-27 14:50:36,sell,33.0,36835.7
2023-11-27 14:50:37,buy,2.0,36835.8
2023-11-27 14:50:42,buy,2.0,36838.8
2023-11-27 14:50:46,buy,2.0,36843.7
2023-11-27 14:50:47,sell,4.0,36844.6
2023-11-27 14:50:48,buy,2.0,36844.7
2023-11-27 14:50:49,buy,2.0,36846.7
2023-11-27 14:50:50,buy,2.0,36848.8
2023-11-27 14:50:51,buy,13.0,36850.8
2023-11-27 14:50:55,sell,103.0,36850.7
2023-11-27 14:50:57,buy,37.0,36850.8
2023-11-27 14:50:58,sell,373.0,36850.7
2023-11-27 14:51:02,sell,8.0,36850.7
2023-11-27 14:51:03,buy,5.0,36850.8
2023-11-27 14:51:05,buy,6.0,36850.8
2023-11-27 14:51:06,buy,20.0,36850.8
2023-11-27 14:51:08,sell,1728.0,36837.9
2023-11-27 14:51:09,sell,7.0,36828.6
2023-11-27 14:51:10,buy,109.0,36818.2
2023-11-27 14:51:11,buy,11.0,36821.9
2023-11-27 14:51:14,sell,13.0,36823.7
2023-11-27 14:51:16,buy,87.0,36815.7
2023-11-27 14:51:17,sell,195.0,36825.0
2023-11-27 14:51:19,buy,271.0,36826.5
2023-11-27 14:51:28,buy,2.0,36838.2
2023-11-27 14:51:33,sell,257.0,36843.7
2023-11-27 14:51:35,buy,84.0,36819.9
2023-11-27 14:51:38,buy,40.0,36820.1
2023-11-27 14:51:40,buy,1.0,36820.1
2023-11-27 14:51:42,buy,175.0,36820.1
2023-11-27 14:51:43,buy,1.0,36820.1
2023-11-27 14:51:45,buy,226.0,36820.1
2023-11-27 14:51:47,buy,2.0,36825.5
2023-11-27 14:51:48,sell,86.0,36827.8
2023-11-27 14:51:50,buy,100.0,36827.9
2023-11-27 14:51:51,sell,36.0,36827.8
2023-11-27 14:51:52,sell,37.0,36826.8
2023-11-27 14:51:54,buy,20.0,36826.5
2023-11-27 14:52:12,buy,185.0,36826.4
2023-11-27 14:52:16,buy,110.0,36826.4
2023-11-27 14:52:19,sell,303.0,36829.9
2023-11-27 14:52:22,sell,200.0,36829.9
2023-11-27 14:52:23,sell,13.0,36826.3
2023-11-27 14:52:26,buy,85.0,36819.1
2023-11-27 14:52:30,buy,271.0,36823.7
2023-11-27 14:52:31,buy,2.0,36834.3
2023-11-27 14:52:33,sell,13.0,36838.5
2023-11-27 14:52:34,buy,45.0,36840.2
2023-11-27 14:52:35,buy,5.0,36840.2
2023-11-27 14:52:36,buy,2.0,36843.3
2023-11-27 14:52:37,buy,96.0,36845.9
2023-11-27 14:52:41,buy,10.0,36845.9
2023-11-27 14:52:42,buy,2.0,36845.9
2023-11-27 14:52:45,buy,19.0,36845.9
2023-11-27 14:52:46,buy,2.0,36845.9
2023-11-27 14:52:47,buy,2.0,36846.8
2023-11-27 14:52:48,sell,63.0,36848.5
2023-11-27 14:52:51,sell,46.0,36848.5
2023-11-27 14:52:52,sell,1.0,36824.8
2023-11-27 14:52:54,buy,2.0,36829.5
2023-11-27 14:53:02,buy,1.0,36833.1
2023-11-27 14:53:04,buy,1.0,36833.1
2023-11-27 14:53:05,sell,12.0,36824.4
2023-11-27 14:53:09,buy,11.0,36821.3
2023-11-27 14:53:11,buy,7.0,36831.0
2023-11-27 14:53:12,buy,2.0,36831.0
2023-11-27 14:53:19,buy,2.0,36832.0
2023-11-27 14:53:28,buy,10.0,36840.0
2023-11-27 14:53:31,buy,1.0,36840.0
2023-11-27 14:53:34,buy,1.0,36840.0
2023-11-27 14:53:36,buy,10.0,36842.2
2023-11-27 14:53:37,buy,6.0,36858.9
2023-11-27 14:53:38,buy,103.0,36858.9
2023-11-27 14:53:40,buy,50.0,36858.9
2023-11-27 14:53:45,buy,109.0,36858.9
2023-11-27 14:53:46,buy,2.0,36862.7
2023-11-27 14:53:48,buy,2.0,36863.6
2023-11-27 14:53:53,buy,25.0,36863.6
2023-11-27 14:53:54,buy,32.0,36863.6
2023-11-27 14:53:56,buy,2.0,36865.2
2023-11-27 14:53:57,buy,3.0,36865.2
2023-11-27 14:53:59,buy,50.0,36865.9
2023-11-27 14:54:00,buy,69.0,36865.9
2023-11-27 14:54:01,buy,5.0,36865.9
2023-11-27 14:54:02,buy,1.0,36865.9
2023-11-27 14:54:03,buy,2.0,36867.0
2023-11-27 14:54:04,buy,2.0,36868.8
2023-11-27 14:54:05,buy,2.0,36869.5
2023-11-27 14:54:06,buy,5.0,36870.8
2023-11-27 14:54:09,buy,2.0,36871.2
2023-11-27 14:54:10,buy,2.0,36874.9
2023-11-27 14:54:11,buy,2.0,36875.0
2023-11-27 14:54:16,buy,21.0,36876.5
2023-11-27 14:54:23,buy,2.0,36879.5
2023-11-27 14:54:24,buy,10.0,36879.9
2023-11-27 14:54:25,buy,5.0,36882.3
2023-11-27 14:54:26,buy,48.0,36882.3
2023-11-27 14:54:27,sell,55.0,36882.2
2023-11-27 14:54:28,buy,34.0,36877.1
2023-11-27 14:54:30,sell,2.0,36875.0
2023-11-27 14:54:32,buy,12.0,36873.1
2023-11-27 14:54:33,sell,2.0,36873.0
2023-11-27 14:54:34,buy,1.0,36873.1
2023-11-27 14:54:36,buy,137.0,36873.1
2023-11-27 14:54:40,sell,38.0,36875.0
2023-11-27 14:54:42,sell,51.0,36875.0
2023-11-27 14:54:43,sell,5.0,36875.0
2023-11-27 14:54:45,sell,15.0,36871.3
2023-11-27 14:54:46,sell,10.0,36871.3
2023-11-27 14:54:49,sell,5.0,36871.3
2023-11-27 14:54:56,buy,2.0,36873.4
2023-11-27 14:55:02,buy,1.0,36875.1
2023-11-27 14:55:04,buy,27.0,36875.1
2023-11-27 14:55:05,sell,1.0,36875.1
2023-11-27 14:55:06,buy,21.0,36878.1
2023-11-27 14:55:08,buy,2.0,36879.6
2023-11-27 14:55:10,sell,2.0,36879.6
2023-11-27 14:55:12,buy,260.0,36875.5
2023-11-27 14:55:14,buy,20.0,36879.7
2023-11-27 14:55:15,sell,2.0,36880.6
2023-11-27 14:55:16,buy,146.0,36880.7
2023-11-27 14:55:18,buy,124.0,36880.7
2023-11-27 14:55:19,buy,139.0,36880.7
2023-11-27 14:55:22,sell,5.0,36880.6
2023-11-27 14:55:23,sell,21.0,36875.4
2023-11-27 14:55:25,buy,79.0,36873.3
2023-11-27 14:55:29,buy,3.0,36873.3
2023-11-27 14:55:33,sell,2.0,36873.2
2023-11-27 14:55:35,sell,55.0,36873.2
2023-11-27 14:55:37,sell,2.0,36860.8
2023-11-27 14:55:43,sell,5.0,36859.3
2023-11-27 14:55:49,buy,67.0,36859.4
2023-11-27 14:55:50,buy,103.0,36859.4
2023-11-27 14:55:54,buy,2.0,36869.1
2023-11-27 14:55:55,buy,2.0,36869.4
2023-11-27 14:55:58,buy,80.0,36872.7
2023-11-27 14:56:01,buy,160.0,36872.7
2023-11-27 14:56:02,sell,13.0,36872.6
2023-11-27 14:56:08,sell,112.0,36866.5
2023-11-27 14:56:14,sell,1.0,36866.5
2023-11-27 14:56:16,sell,17.0,36866.5
2023-11-27 14:56:17,buy,200.0,36866.6
2023-11-27 14:56:19,buy,2.0,36874.7
2023-11-27 14:56:20,buy,1.0,36877.1
2023-11-27 14:56:21,buy,1.0,36879.4
2023-11-27 14:56:22,buy,2.0,36879.4
2023-11-27 14:56:24,buy,2.0,36879.6
2023-11-27 14:56:31,buy,271.0,36882.9
2023-11-27 14:56:34,sell,8.0,36882.8
2023-11-27 14:56:44,buy,1.0,36883.5
2023-11-27 14:56:45,sell,3.0,36883.4
2023-11-27 14:56:46,sell,22.0,36883.4
2023-11-27 14:56:54,buy,10.0,36882.1
2023-11-27 14:56:59,buy,17.0,36882.1
2023-11-27 14:57:03,buy,10.0,36882.1
2023-11-27 14:57:07,buy,1.0,36882.1
2023-11-27 14:57:08,sell,109.0,36882.0
2023-11-27 14:57:09,sell,109.0,36882.0
2023-11-27 14:57:14,buy,2.0,36874.6
2023-11-27 14:57:17,buy,10.0,36874.6
2023-11-27 14:57:30,sell,44.0,36874.5
2023-11-27 14:57:33,sell,2.0,36871.5
2023-11-27 14:57:34,buy,52.0,36868.6
2023-11-27 14:57:38,buy,5.0,36872.2
2023-11-27 14:57:44,buy,2.0,36876.9
2023-11-27 14:57:45,sell,1.0,36877.7
2023-11-27 14:57:46,sell,20.0,36877.7
2023-11-27 14:57:48,buy,2.0,36877.8
2023-11-27 14:57:53,buy,20.0,36878.0
2023-11-27 14:57:54,sell,4.0,36879.9
2023-11-27 14:57:55,buy,17.0,36880.0
2023-11-27 14:58:04,buy,30.0,36880.0
2023-11-27 14:58:08,sell,21.0,36879.9
2023-11-27 14:58:10,buy,53.0,36880.0
2023-11-27 14:58:14,buy,7.0,36882.1
2023-11-27 14:58:17,buy,170.0,36882.1
2023-11-27 14:58:23,sell,28.0,36883.4
2023-11-27 14:58:24,buy,7.0,36883.5
2023-11-27 14:58:25,buy,1.0,36885.6
2023-11-27 14:58:26,buy,2.0,36891.1
2023-11-27 14:58:28,buy,2.0,36892.7
2023-11-27 14:58:30,buy,25.0,36894.6
2023-11-27 14:58:33,sell,3.0,36894.5
2023-11-27 14:58:36,buy,26.0,36894.6
2023-11-27 14:58:38,sell,13.0,36894.5
2023-11-27 14:58:39,buy,44.0,36894.6
2023-11-27 14:58:41,sell,2.0,36891.5
2023-11-27 14:58:43,buy,42.0,36891.6
2023-11-27 14:58:46,buy,338.0,36891.6
2023-11-27 14:58:48,sell,70.0,36891.5
2023-11-27 14:58:51,sell,131.0,36891.5
2023-11-27 14:58:55,buy,1.0,36891.7
2023-11-27 14:58:58,buy,54.0,36891.7
2023-11-27 14:59:00,buy,2.0,36891.7
2023-11-27 14:59:01,buy,77.0,36891.7
2023-11-27 14:59:05,buy,42.0,36891.8
2023-11-27 14:59:09,sell,164.0,36891.9
2023-11-27 14:59:12,sell,13.0,36891.9
2023-11-27 14:59:13,sell,15.0,36891.9
2023-11-27 14:59:28,sell,105.0,36891.9
2023-11-27 14:59:29,sell,5.0,36891.9
2023-11-27 14:59:35,buy,2.0,36892.0
2023-11-27 14:59:37,sell,117.0,36895.8
2023-11-27 14:59:39,sell,50.0,36895.8
2023-11-27 14:59:43,sell,3.0,36896.5
2023-11-27 14:59:54,buy,2.0,36896.6
2023-11-27 14:59:55,sell,1415.0,36897.6
2023-11-27 14:59:56,buy,8.0,36893.0
2023-11-27 14:59:57,sell,11.0,36884.3
2023-11-27 14:59:58,buy,54.0,36882.0
2023-11-27 15:00:03,sell,80.0,36881.9
2023-11-27 15:00:06,sell,2.0,36881.9
2023-11-27 15:00:11,buy,3.0,36880.5
2023-11-27 15:00:15,sell,5.0,36880.4
2023-11-27 15:00:20,sell,2.0,36879.4
2023-11-27 15:00:24,sell,27.0,36879.4
2023-11-27 15:00:25,sell,1.0,36879.4
2023-11-27 15:00:27,sell,47.0,36879.4
2023-11-27 15:00:34,sell,2.0,36879.4
2023-11-27 15:00:35,buy,5.0,36876.9
2023-11-27 15:00:36,sell,5.0,36876.6
2023-11-27 15:00:37,sell,2.0,36873.8
2023-11-27 15:00:38,sell,2.0,36869.3
2023-11-27 15:00:44,buy,1.0,36867.4
2023-11-27 15:00:52,buy,276.0,36867.4
2023-11-27 15:00:53,buy,1.0,36879.3
2023-11-27 15:00:54,sell,70.0,36879.2
2023-11-27 15:00:57,buy,11.0,36879.4
2023-11-27 15:01:02,buy,2.0,36882.3
2023-11-27 15:01:06,buy,8.0,36882.3
2023-11-27 15:01:07,buy,903.0,36886.2
2023-11-27 15:01:08,buy,4.0,36889.0
2023-11-27 15:01:11,buy,34.0,36894.6
2023-11-27 15:01:12,sell,79.0,36895.5
2023-11-27 15:01:13,buy,2.0,36896.6
2023-11-27 15:01:25,sell,18.0,36899.5
2023-11-27 15:01:27,buy,2.0,36899.6
2023-11-27 15:01:28,buy,8.0,36899.7
2023-11-27 15:01:29,sell,94.0,36906.9
2023-11-27 15:01:30,buy,73.0,36907.0
2023-11-27 15:01:33,buy,3.0,36907.0
2023-11-27 15:01:35,buy,100.0,36907.0
2023-11-27 15:01:38,buy,1.0,36907.0
2023-11-27 15:01:39,buy,3.0,36910.0
2023-11-27 15:01:41,sell,8.0,36913.8
2023-11-27 15:01:48,buy,2.0,36913.9
2023-11-27 15:01:55,buy,2.0,36917.4
2023-11-27 15:01:56,buy,40.0,36917.4
2023-11-27 15:02:00,sell,345.0,36917.3
2023-11-27 15:02:01,buy,380.0,36917.4
2023-11-27 15:02:02,buy,2.0,36917.4
2023-11-27 15:02:07,buy,49.0,36918.4
2023-11-27 15:02:11,buy,2.0,36918.4
2023-11-27 15:02:14,buy,19.0,36918.4
2023-11-27 15:02:15,buy,33.0,36918.4
2023-11-27 15:02:16,buy,20.0,36918.4
2023-11-27 15:02:18,buy,6.0,36918.4
2023-11-27 15:02:23,buy,2.0,36919.4
2023-11-27 15:02:24,buy,174.0,36919.4
2023-11-27 15:02:26,buy,156.0,36919.4
2023-11-27 15:02:29,buy,1.0,36919.4
2023-11-27 15:02:31,buy,228.0,36919.4
2023-11-27 15:02:33,buy,98.0,36919.4
2023-11-27 15:02:35,buy,144.0,36919.4
2023-11-27 15:02:36,buy,1.0,36919.4
2023-11-27 15:02:39,buy,10.0,36919.4
2023-11-27 15:02:42,buy,1.0,36919.4
2023-11-27 15:02:44,buy,30.0,36919.4
2023-11-27 15:02:45,buy,1.0,36919.4
2023-11-27 15:02:48,sell,52.0,36919.3
2023-11-27 15:02:52,sell,7.0,36919.3
2023-11-27 15:03:03,buy,2.0,36919.4
2023-11-27 15:03:16,buy,34.0,36919.4
2023-11-27 15:03:19,buy,8.0,36919.4
2023-11-27 15:03:22,sell,90.0,36919.3
2023-11-27 15:03:24,buy,20.0,36919.4
2023-11-27 15:03:28,sell,1348.0,36916.4
2023-11-27 15:03:29,sell,15.0,36894.5
2023-11-27 15:03:30,buy,7.0,36891.0
2023-11-27 15:03:31,buy,3.0,36897.8
2023-11-27 15:03:32,sell,303.0,36903.2
2023-11-27 15:03:36,sell,2.0,36902.4
2023-11-27 15:03:37,buy,10.0,36902.5
2023-11-27 15:03:39,sell,2.0,36901.4
2023-11-27 15:03:40,sell,5.0,36896.3
2023-11-27 15:03:41,sell,2.0,36895.3
2023-11-27 15:03:47,sell,8.0,36891.5
2023-11-27 15:03:49,sell,7.0,36879.2
2023-11-27 15:03:50,sell,7.0,36878.8
2023-11-27 15:03:52,sell,5.0,36878.8
2023-11-27 15:03:57,buy,1.0,36878.9
2023-11-27 15:04:00,buy,39.0,36878.9
2023-11-27 15:04:04,buy,9.0,36878.9
2023-11-27 15:04:06,buy,4.0,36878.9
2023-11-27 15:04:07,sell,68.0,36878.8
2023-11-27 15:04:11,sell,156.0,36878.8
2023-11-27 15:04:13,sell,49.0,36878.8
2023-11-27 15:04:14,buy,38.0,36878.9
2023-11-27 15:04:15,sell,2.0,36877.8
2023-11-27 15:04:19,sell,10.0,36871.5
2023-11-27 15:04:22,sell,2.0,36871.5
2023-11-27 15:04:23,sell,143.0,36871.5
2023-11-27 15:04:27,buy,345.0,36871.6
2023-11-27 15:04:31,buy,1.0,36871.6
2023-11-27 15:04:40,buy,87.0,36868.6
2023-11-27 15:04:43,sell,2.0,36867.5
2023-11-27 15:04:46,sell,10.0,36859.6
2023-11-27 15:04:47,sell,47.0,36859.4
2023-11-27 15:04:48,buy,1.0,36856.0
2023-11-27 15:04:51,sell,1.0,36855.9
2023-11-27 15:04:53,sell,2.0,36854.9
2023-11-27 15:04:54,sell,10.0,36851.3
2023-11-27 15:04:55,buy,1.0,36851.4
2023-11-27 15:04:57,sell,2.0,36850.1
2023-11-27 15:04:58,sell,2.0,36850.1
2023-11-27 15:05:01,sell,73.0,36850.0
2023-11-27 15:05:02,buy,160.0,36850.1
2023-11-27 15:05:03,sell,10.0,36860.2
2023-11-27 15:05:10,sell,34.0,36861.3
2023-11-27 15:05:11,sell,14.0,36861.3
2023-11-27 15:05:12,sell,21.0,36861.3
2023-11-27 15:05:14,sell,14.0,36861.3
2023-11-27 15:05:19,buy,49.0,36857.2
2023-11-27 15:05:23,buy,5.0,36857.2
2023-11-27 15:05:24,buy,13.0,36857.2
2023-11-27 15:05:27,sell,2.0,36857.1
2023-11-27 15:05:29,sell,219.0,36857.1
2023-11-27 15:05:30,buy,1.0,36854.7
2023-11-27 15:05:32,buy,64.0,36854.7
2023-11-27 15:05:33,sell,26.0,36854.6
2023-11-27 15:05:40,buy,238.0,36854.7
2023-11-27 15:05:43,buy,7.0,36854.7
2023-11-27 15:05:44,buy,10.0,36856.8
2023-11-27 15:05:46,buy,2.0,36859.8
2023-11-27 15:05:51,sell,70.0,36863.4
2023-11-27 15:06:01,buy,2.0,36857.9
2023-11-27 15:06:06,buy,3.0,36860.4
2023-11-27 15:06:08,buy,119.0,36860.4
2023-11-27 15:06:11,sell,1.0,36857.9
2023-11-27 15:06:13,sell,5.0,36855.0
2023-11-27 15:06:18,sell,2.0,36854.7
2023-11-27 15:06:22,sell,2.0,36850.2
2023-11-27 15:06:27,buy,11.0,36847.9
2023-11-27 15:06:35,sell,13.0,36847.7
2023-11-27 15:06:37,sell,111.0,36845.0
2023-11-27 15:06:38,buy,46.0,36845.1
2023-11-27 15:06:39,sell,1000.0,36845.0
2023-11-27 15:06:40,buy,1.0,36845.1
2023-11-27 15:06:44,sell,59.0,36845.0
2023-11-27 15:06:45,sell,359.0,36845.0
2023-11-27 15:06:48,buy,13.0,36845.1
2023-11-27 15:06:53,sell,65.0,36846.5
2023-11-27 15:06:54,buy,126.0,36848.9
2023-11-27 15:06:55,buy,2.0,36849.5
2023-11-27 15:07:02,sell,4.0,36855.4
2023-11-27 15:07:07,sell,309.0,36855.4
2023-11-27 15:07:08,sell,44.0,36855.4
2023-11-27 15:07:11,buy,2.0,36856.5
2023-11-27 15:07:25,buy,162.0,36856.5
2023-11-27 15:07:28,sell,346.0,36856.4
2023-11-27 15:07:29,buy,95.0,36856.5
2023-11-27 15:07:33,sell,367.0,36856.4
2023-11-27 15:07:34,buy,2.0,36856.5
2023-11-27 15:07:36,buy,1.0,36860.0
2023-11-27 15:07:38,buy,1.0,36865.0
2023-11-27 15:07:42,buy,20.0,36871.0
2023-11-27 15:07:43,buy,111.0,36871.0
2023-11-27 15:07:44,buy,1.0,36875.0
2023-11-27 15:07:46,buy,2.0,36878.4
2023-11-27 15:07:49,sell,126.0,36879.3
2023-11-27 15:07:51,buy,2.0,36879.4
2023-11-27 15:07:53,buy,2.0,36880.0
2023-11-27 15:07:54,buy,28.0,36883.9
2023-11-27 15:07:55,buy,6.0,36883.9
2023-11-27 15:07:56,buy,2.0,36885.0
2023-11-27 15:07:59,buy,2.0,36889.0
2023-11-27 15:08:02,buy,21.0,36889.0
2023-11-27 15:08:03,buy,4.0,36889.0
2023-11-27 15:08:04,sell,55.0,36888.9
2023-11-27 15:08:08,buy,10.0,36889.0
2023-11-27 15:08:10,buy,66.0,36889.0
2023-11-27 15:08:12,buy,26.0,36889.0
2023-11-27 15:08:15,buy,2.0,36889.1
2023-11-27 15:08:20,buy,2.0,36893.8
2023-11-27 15:08:25,sell,2.0,36892.9
2023-11-27 15:08:27,buy,26.0,36885.7
2023-11-27 15:08:28,buy,43.0,36885.7
2023-11-27 15:08:29,buy,7.0,36885.7
2023-11-27 15:08:32,buy,19.0,36885.7
2023-11-27 15:08:34,sell,5.0,36883.4
2023-11-27 15:08:48,buy,225.0,36870.4
2023-11-27 15:08:54,buy,2.0,36874.8
2023-11-27 15:08:55,buy,1.0,36875.0
2023-11-27 15:09:03,sell,78.0,36879.9
2023-11-27 15:09:04,buy,1.0,36885.0
2023-11-27 15:09:11,buy,2.0,36886.6
2023-11-27 15:09:21,buy,2.0,36890.0
2023-11-27 15:09:23,buy,2.0,36891.5
2023-11-27 15:09:24,buy,2.0,36892.3
2023-11-27 15:09:33,sell,5.0,36893.2
2023-11-27 15:09:41,buy,2.0,36894.6
2023-11-27 15:09:42,buy,23.0,36894.6
2023-11-27 15:09:44,buy,2.0,36900.0
2023-11-27 15:09:55,buy,2.0,36905.0
2023-11-27 15:09:58,buy,497.0,36908.6
2023-11-27 15:10:01,sell,1.0,36908.5
2023-11-27 15:10:05,buy,44.0,36908.6
2023-11-27 15:10:06,buy,7.0,36908.6
2023-11-27 15:10:14,buy,2.0,36915.0
2023-11-27 15:10:15,buy,36.0,36915.0
2023-11-27 15:10:16,sell,5.0,36914.9
2023-11-27 15:10:19,buy,1.0,36915.0
2023-11-27 15:10:23,sell,153.0,36914.9
2023-11-27 15:10:24,sell,5.0,36914.9
2023-11-27 15:10:29,sell,56.0,36914.9
2023-11-27 15:10:32,buy,2.0,36916.5
2023-11-27 15:10:33,buy,20.0,36916.6
2023-11-27 15:10:36,buy,7.0,36918.6
2023-11-27 15:10:38,buy,2.0,36919.7
2023-11-27 15:10:40,sell,26.0,36919.6
2023-11-27 15:10:41,buy,7.0,36919.7
2023-11-27 15:10:42,buy,21.0,36919.8
2023-11-27 15:10:43,buy,81.0,36923.2
2023-11-27 15:10:44,sell,1.0,36923.1
2023-11-27 15:10:51,buy,36.0,36923.2
2023-11-27 15:10:55,buy,2.0,36924.7
2023-11-27 15:11:00,sell,1.0,36926.3
2023-11-27 15:11:02,buy,78.0,36926.4
2023-11-27 15:11:06,buy,20.0,36926.4
2023-11-27 15:11:28,buy,109.0,36926.4
2023-11-27 15:11:29,sell,11.0,36932.9
2023-11-27 15:11:31,sell,219.0,36932.9
2023-11-27 15:11:38,buy,2.0,36926.0
2023-11-27 15:11:39,sell,2.0,36925.1
2023-11-27 15:11:40,sell,10.0,36919.0
2023-11-27 15:11:41,buy,1.0,36917.1
2023-11-27 15:11:42,buy,2.0,36918.1
2023-11-27 15:11:43,buy,1.0,36921.8
2023-11-27 15:11:44,sell,303.0,36921.7
2023-11-27 15:11:47,buy,5.0,36923.3
2023-11-27 15:11:50,sell,119.0,36923.2
2023-11-27 15:11:56,buy,2.0,36926.8
2023-11-27 15:12:06,buy,44.0,36933.1
2023-11-27 15:12:17,buy,3.0,36935.0
2023-11-27 15:12:21,buy,11.0,36935.0
2023-11-27 15:12:25,buy,3.0,36935.0
2023-11-27 15:12:26,buy,2.0,36935.0
2023-11-27 15:12:31,buy,70.0,36935.0
2023-11-27 15:12:54,buy,96.0,36938.1
2023-11-27 15:12:56,buy,85.0,36938.1
2023-11-27 15:13:06,buy,337.0,36938.1
2023-11-27 15:13:07,sell,55.0,36938.0
2023-11-27 15:13:10,buy,131.0,36938.1
2023-11-27 15:13:19,sell,24.0,36938.0
2023-11-27 15:13:30,sell,5.0,36938.0
2023-11-27 15:13:33,sell,60.0,36938.0
2023-11-27 15:13:35,buy,144.0,36938.1
2023-11-27 15:13:40,sell,1.0,36938.0
2023-11-27 15:13:42,sell,84.0,36938.0
2023-11-27 15:13:45,sell,150.0,36938.0
2023-11-27 15:13:46,buy,54.0,36938.1
2023-11-27 15:13:49,sell,393.0,36938.0
2023-11-27 15:13:54,buy,20.0,36938.1
2023-11-27 15:13:59,buy,11.0,36939.9
2023-11-27 15:14:02,buy,1.0,36940.0
2023-11-27 15:14:06,sell,80.0,36942.4
2023-11-27 15:14:07,sell,101.0,36942.4
2023-11-27 15:14:08,sell,2.0,36940.4
2023-11-27 15:14:11,sell,65.0,36940.4
2023-11-27 15:14:12,sell,11.0,36940.4
2023-11-27 15:14:15,sell,87.0,36940.4
2023-11-27 15:14:16,buy,2.0,36940.5
2023-11-27 15:14:22,sell,2.0,36940.2
2023-11-27 15:14:24,sell,1.0,36940.1
2023-11-27 15:14:27,sell,90.0,36938.1
2023-11-27 15:14:31,buy,301.0,36938.2
2023-11-27 15:14:32,buy,4.0,36938.1
2023-11-27 15:14:33,sell,80.0,36935.3
2023-11-27 15:14:34,sell,55.0,36935.3
2023-11-27 15:14:36,sell,8.0,36934.0
2023-11-27 15:14:37,sell,2.0,36931.1
2023-11-27 15:14:43,sell,55.0,36929.0
2023-11-27 15:14:45,sell,2.0,36928.0
2023-11-27 15:14:49,sell,2.0,36925.5
2023-11-27 15:14:50,sell,1.0,36925.5
2023-11-27 15:14:51,sell,3.0,36925.5
2023-11-27 15:14:54,sell,14.0,36923.5
2023-11-27 15:14:55,sell,2.0,36920.8
2023-11-27 15:14:56,sell,512.0,36919.3
2023-11-27 15:15:00,buy,107.0,36913.5
2023-11-27 15:15:01,sell,2.0,36913.4
2023-11-27 15:15:09,sell,2.0,36907.9
2023-11-27 15:15:10,buy,8.0,36904.2
2023-11-27 15:15:12,sell,169.0,36904.1
2023-11-27 15:15:14,sell,389.0,36904.1
2023-11-27 15:15:15,buy,100.0,36904.2
2023-11-27 15:15:16,sell,47.0,36904.1
2023-11-27 15:15:17,sell,1.0,36904.1
2023-11-27 15:15:19,buy,219.0,36904.2
2023-11-27 15:15:22,sell,9.0,36909.2
2023-11-27 15:15:25,sell,13.0,36909.2
2023-11-27 15:15:26,sell,55.0,36909.2
2023-11-27 15:15:27,sell,12.0,36904.0
2023-11-27 15:15:30,sell,2.0,36901.4
2023-11-27 15:15:31,buy,52.0,36898.2
2023-11-27 15:15:37,sell,1.0,36893.2
2023-11-27 15:15:38,sell,1.0,36893.2
2023-11-27 15:15:40,buy,231.0,36893.3
2023-11-27 15:15:49,sell,41.0,36893.2
2023-11-27 15:15:53,buy,5.0,36893.3
2023-11-27 15:15:56,buy,115.0,36893.3
2023-11-27 15:16:02,buy,13.0,36893.3
2023-11-27 15:16:03,buy,2.0,36897.4
2023-11-27 15:16:09,buy,2.0,36906.6
2023-11-27 15:16:12,buy,2.0,36907.1
2023-11-27 15:16:19,buy,2.0,36910.3
2023-11-27 15:16:25,buy,2.0,36910.7
2023-11-27 15:16:26,buy,210.0,36910.7
2023-11-27 15:16:35,sell,219.0,36917.4
2023-11-27 15:16:36,sell,27.0,36916.4
2023-11-27 15:16:40,buy,13.0,36913.5
2023-11-27 15:16:47,buy,6.0,36918.4
2023-11-27 15:16:54,buy,2.0,36920.0
2023-11-27 15:17:06,buy,2.0,36922.0
2023-11-27 15:17:13,buy,2.0,36925.0
2023-11-27 15:17:15,sell,12.0,36924.9
2023-11-27 15:17:16,buy,14.0,36925.0
2023-11-27 15:17:18,buy,2.0,36927.5
2023-11-27 15:17:25,buy,2.0,36930.0
2023-11-27 15:17:27,buy,113.0,36930.0
2023-11-27 15:17:31,buy,1.0,36933.8
2023-11-27 15:17:32,buy,5.0,36933.8
2023-11-27 15:17:34,buy,53.0,36933.8
2023-11-27 15:17:35,buy,10.0,36933.8
2023-11-27 15:17:39,buy,1.0,36934.8
2023-11-27 15:17:43,buy,3.0,36935.0
2023-11-27 15:17:47,buy,2.0,36938.5
2023-11-27 15:17:53,buy,7.0,36941.3
2023-11-27 15:17:58,buy,3.0,36947.5
2023-11-27 15:18:01,buy,92.0,36949.9
2023-11-27 15:18:03,buy,43.0,36949.9
2023-11-27 15:18:05,buy,46.0,36949.9
2023-11-27 15:18:06,buy,2.0,36951.0
2023-11-27 15:18:07,buy,3.0,36952.5
2023-11-27 15:18:12,buy,14.0,36956.0
2023-11-27 15:18:26,sell,410.0,36955.9
2023-11-27 15:18:44,buy,18.0,36956.0
2023-11-27 15:18:50,buy,16.0,36956.0
2023-11-27 15:18:53,sell,27.0,36955.9
2023-11-27 15:18:54,buy,9.0,36956.0
2023-11-27 15:18:57,sell,3.0,36955.9
2023-11-27 15:19:01,buy,35.0,36956.0
2023-11-27 15:19:02,sell,9.0,36955.9
2023-11-27 15:19:06,buy,243.0,36956.0
2023-11-27 15:19:08,buy,4.0,36956.0
2023-11-27 15:19:09,buy,39.0,36956.0
2023-11-27 15:19:19,sell,100.0,36955.9
2023-11-27 15:19:20,sell,3.0,36955.9
2023-11-27 15:19:23,buy,88.0,36956.0
2023-11-27 15:19:39,buy,3.0,36957.5
2023-11-27 15:19:42,sell,8.0,36958.3
2023-11-27 15:19:46,sell,27.0,36958.3
2023-11-27 15:19:51,buy,1.0,36958.4
2023-11-27 15:19:55,buy,181.0,36958.4
2023-11-27 15:19:59,sell,219.0,36958.3
2023-11-27 15:20:02,sell,25.0,36955.9
2023-11-27 15:20:05,sell,2.0,36950.8
2023-11-27 15:20:10,sell,3.0,36950.8
2023-11-27 15:20:13,buy,1.0,36950.9
2023-11-27 15:20:18,sell,265.0,36950.8
2023-11-27 15:20:20,sell,8.0,36952.7
2023-11-27 15:20:23,sell,1.0,36956.8
2023-11-27 15:20:29,sell,162.0,36956.8
2023-11-27 15:20:31,sell,182.0,36956.8
2023-11-27 15:20:38,buy,6.0,36950.1
2023-11-27 15:20:46,sell,179.0,36950.0
2023-11-27 15:20:48,sell,8.0,36950.0
2023-11-27 15:20:51,sell,272.0,36942.6
2023-11-27 15:20:52,sell,95.0,36932.8
2023-11-27 15:20:54,buy,13.0,36932.9
2023-11-27 15:20:55,buy,7.0,36932.9
2023-11-27 15:21:02,sell,187.0,36947.0
2023-11-27 15:21:05,buy,5.0,36947.1
2023-11-27 15:21:08,buy,1.0,36950.1
2023-11-27 15:21:10,sell,1.0,36950.0
2023-11-27 15:21:12,buy,11.0,36950.1
2023-11-27 15:21:23,buy,16.0,36950.9
2023-11-27 15:21:41,buy,185.0,36950.9
2023-11-27 15:21:43,buy,154.0,36950.9
2023-11-27 15:21:50,sell,4.0,36954.9
2023-11-27 15:21:55,sell,14.0,36954.9
2023-11-27 15:22:04,sell,38.0,36954.9
2023-11-27 15:22:05,sell,195.0,36954.9
2023-11-27 15:22:19,sell,109.0,36950.8
2023-11-27 15:22:25,sell,2.0,36942.6
2023-11-27 15:22:26,buy,6.0,36942.7
2023-11-27 15:22:30,buy,5.0,36942.7
2023-11-27 15:22:32,sell,50.0,36942.6
2023-11-27 15:22:37,buy,83.0,36942.7
2023-11-27 15:22:49,sell,1.0,36943.4
2023-11-27 15:22:55,sell,3.0,36943.4
2023-11-27 15:22:58,sell,16.0,36943.4
2023-11-27 15:22:59,sell,6.0,36943.4
2023-11-27 15:23:02,sell,83.0,36943.4
2023-11-27 15:23:08,buy,50.0,36943.5
2023-11-27 15:23:17,sell,2.0,36941.2
2023-11-27 15:23:21,sell,2.0,36937.1
2023-11-27 15:23:22,buy,10.0,36935.5
2023-11-27 15:23:26,sell,1.0,36935.4
2023-11-27 15:23:27,sell,2.0,36935.4
2023-11-27 15:23:32,buy,79.0,36935.5
2023-11-27 15:23:33,buy,5.0,36945.2
2023-11-27 15:23:38,sell,19.0,36945.7
2023-11-27 15:23:40,buy,173.0,36945.8
2023-11-27 15:23:41,buy,13.0,36945.8
2023-11-27 15:23:42,sell,1.0,36945.7
2023-11-27 15:23:44,buy,7.0,36945.8
2023-11-27 15:23:47,sell,6.0,36953.5
2023-11-27 15:23:48,sell,29.0,36953.5
2023-11-27 15:23:49,sell,1.0,36953.5
2023-11-27 15:23:54,sell,1.0,36953.5
2023-11-27 15:24:03,buy,50.0,36954.9
2023-11-27 15:24:04,sell,21.0,36957.4
2023-11-27 15:24:05,buy,1.0,36957.5
2023-11-27 15:24:06,buy,196.0,36957.5
2023-11-27 15:24:07,buy,21.0,36957.5
2023-11-27 15:24:08,sell,10.0,36957.4
2023-11-27 15:24:09,buy,12.0,36957.5
2023-11-27 15:24:20,buy,27.0,36957.9
2023-11-27 15:24:33,buy,5.0,36960.0
2023-11-27 15:24:34,buy,106.0,36960.0
2023-11-27 15:24:36,sell,7.0,36959.9
2023-11-27 15:24:38,sell,60.0,36957.9
2023-11-27 15:24:40,buy,172.0,36954.3
2023-11-27 15:24:43,sell,190.0,36954.2
2023-11-27 15:24:49,buy,13.0,36954.3
2023-11-27 15:24:55,buy,1.0,36960.0
2023-11-27 15:24:57,sell,32.0,36959.9
2023-11-27 15:25:03,buy,2.0,36960.9
2023-11-27 15:25:06,buy,6.0,36960.9
2023-11-27 15:25:11,buy,15.0,36960.9
2023-11-27 15:25:15,buy,303.0,36956.2
2023-11-27 15:25:23,sell,1.0,36956.1
2023-11-27 15:25:42,sell,2.0,36953.2
2023-11-27 15:25:50,sell,2.0,36947.7
2023-11-27 15:25:54,sell,21.0,36947.7
2023-11-27 15:26:00,sell,6.0,36945.8
2023-11-27 15:26:03,sell,66.0,36945.8
2023-11-27 15:26:04,sell,20.0,36945.8
2023-11-27 15:26:06,sell,2.0,36942.5
2023-11-27 15:26:07,sell,121.0,36939.5
2023-11-27 15:26:08,buy,5.0,36933.4
2023-11-27 15:26:19,sell,1.0,36933.3
2023-11-27 15:26:32,buy,100.0,36933.4
2023-11-27 15:26:43,sell,4.0,36933.3
2023-11-27 15:26:49,sell,4.0,36933.3
2023-11-27 15:26:52,sell,50.0,36933.3
2023-11-27 15:26:54,sell,20.0,36933.3
2023-11-27 15:26:55,sell,146.0,36933.3
2023-11-27 15:27:00,buy,10.0,36933.4
2023-11-27 15:27:01,sell,10.0,36933.3
2023-11-27 15:27:05,sell,154.0,36933.3
2023-11-27 15:27:06,sell,2.0,36933.3
2023-11-27 15:27:07,sell,4.0,36929.6
2023-11-27 15:27:14,sell,2.0,36927.0
2023-11-27 15:27:16,sell,12.0,36927.0
2023-11-27 15:27:26,sell,1.0,36920.1
2023-11-27 15:27:30,buy,10.0,36920.2
2023-11-27 15:27:31,sell,1.0,36920.1
2023-11-27 15:27:32,sell,1.0,36920.1
2023-11-27 15:27:34,sell,8.0,36920.1
2023-11-27 15:27:40,sell,100.0,36920.1
2023-11-27 15:27:45,sell,849.0,36920.0
2023-11-27 15:27:47,sell,752.0,36908.0
2023-11-27 15:27:50,buy,2.0,36893.5
2023-11-27 15:27:53,buy,7.0,36893.5
2023-11-27 15:27:56,sell,129.0,36897.7
2023-11-27 15:27:57,sell,145.0,36897.7
2023-11-27 15:28:00,sell,277.0,36897.7
2023-11-27 15:28:01,sell,160.0,36888.0
2023-11-27 15:28:03,buy,3.0,36888.1
2023-11-27 15:28:05,sell,2.0,36888.0
2023-11-27 15:28:06,buy,11.0,36880.7
2023-11-27 15:28:09,buy,1.0,36880.7
2023-11-27 15:28:12,sell,2.0,36879.6
2023-11-27 15:28:13,sell,125.0,36879.6
2023-11-27 15:28:15,sell,14.0,36879.6
2023-11-27 15:28:16,sell,14.0,36879.6
2023-11-27 15:28:23,sell,2.0,36875.1
2023-11-27 15:28:24,sell,226.0,36871.2
2023-11-27 15:28:25,sell,2.0,36870.6
2023-11-27 15:28:30,sell,2.0,36869.7
2023-11-27 15:28:31,sell,103.0,36869.7
2023-11-27 15:28:32,sell,109.0,36868.1
2023-11-27 15:28:33,sell,2.0,36868.1
2023-11-27 15:28:35,sell,64.0,36866.5
2023-11-27 15:28:37,buy,95.0,36866.6
2023-11-27 15:28:38,sell,100.0,36868.5
2023-11-27 15:28:40,buy,2.0,36869.6
2023-11-27 15:28:41,sell,40.0,36869.5
2023-11-27 15:28:47,sell,50.0,36869.5
2023-11-27 15:28:51,sell,100.0,36869.5
2023-11-27 15:28:55,buy,2.0,36870.6
2023-11-27 15:28:57,sell,40.0,36873.1
2023-11-27 15:29:04,buy,2.0,36873.2
2023-11-27 15:29:06,sell,35.0,36873.1
2023-11-27 15:29:13,sell,50.0,36873.1
2023-11-27 15:29:15,sell,250.0,36873.1
2023-11-27 15:29:17,sell,30.0,36873.1
2023-11-27 15:29:18,sell,11.0,36873.1
2023-11-27 15:29:23,sell,30.0,36874.6
2023-11-27 15:29:28,sell,200.0,36877.8
2023-11-27 15:29:32,sell,25.0,36877.8
2023-11-27 15:29:35,sell,7.0,36879.3
2023-11-27 15:29:36,buy,2.0,36879.9
2023-11-27 15:29:39,buy,19.0,36878.9
2023-11-27 15:29:40,sell,2.0,36876.1
2023-11-27 15:29:41,sell,49.0,36875.0
2023-11-27 15:29:42,buy,143.0,36875.1
2023-11-27 15:29:43,sell,219.0,36875.0
2023-11-27 15:29:46,sell,41.0,36870.6
2023-11-27 15:29:47,sell,2.0,36870.6
2023-11-27 15:29:49,buy,41.0,36870.1
2023-11-27 15:30:03,sell,2.0,36870.0
2023-11-27 15:30:16,buy,15.0,36870.1
2023-11-27 15:30:17,buy,10.0,36878.3
2023-11-27 15:30:18,buy,21.0,36878.4
2023-11-27 15:30:22,sell,85.0,36878.7
2023-11-27 15:30:26,sell,103.0,36870.8
2023-11-27 15:30:28,sell,2.0,36870.8
2023-11-27 15:30:31,buy,50.0,36870.9
2023-11-27 15:30:37,buy,17.0,36870.9
2023-11-27 15:30:38,buy,300.0,36870.9
2023-11-27 15:30:44,sell,46.0,36880.6
2023-11-27 15:30:45,sell,120.0,36880.6
2023-11-27 15:30:47,buy,2.0,36883.0
2023-11-27 15:30:49,buy,2.0,36885.6
2023-11-27 15:30:50,sell,29.0,36888.9
2023-11-27 15:30:51,buy,4.0,36889.0
2023-11-27 15:30:58,buy,2.0,36893.3
2023-11-27 15:31:04,sell,81.0,36898.1
2023-11-27 15:31:05,buy,2.0,36898.2
2023-11-27 15:31:07,buy,2.0,36901.9
2023-11-27 15:31:11,buy,20.0,36901.9
2023-11-27 15:31:12,buy,55.0,36904.5
2023-11-27 15:31:15,buy,81.0,36904.5
2023-11-27 15:31:16,sell,465.0,36904.4
2023-11-27 15:31:17,sell,6.0,36904.4
2023-11-27 15:31:18,sell,77.0,36904.4
2023-11-27 15:31:19,sell,196.0,36904.4
2023-11-27 15:31:21,sell,13.0,36896.1
2023-11-27 15:31:22,sell,7.0,36895.1
2023-11-27 15:31:23,sell,8.0,36893.3
2023-11-27 15:31:24,sell,33.0,36893.3
2023-11-27 15:31:25,buy,8.0,36893.4
2023-11-27 15:31:28,sell,34.0,36893.3
2023-11-27 15:31:29,buy,295.0,36893.4
2023-11-27 15:31:33,sell,5.0,36893.3
2023-11-27 15:31:37,buy,88.0,36883.1
2023-11-27 15:31:44,sell,25.0,36883.0
2023-11-27 15:31:46,sell,10.0,36883.0
2023-11-27 15:31:50,sell,307.0,36883.0
2023-11-27 15:31:51,sell,225.0,36883.0
2023-11-27 15:31:57,sell,105.0,36883.0
2023-11-27 15:31:58,sell,130.0,36883.0
2023-11-27 15:31:59,sell,15.0,36883.0
2023-11-27 15:32:05,sell,2.0,36882.0
2023-11-27 15:32:14,buy,219.0,36882.1
2023-11-27 15:32:15,sell,49.0,36889.4
2023-11-27 15:32:19,buy,1.0,36889.5
2023-11-27 15:32:50,sell,58.0,36897.3
2023-11-27 15:32:51,sell,11.0,36897.3
2023-11-27 15:32:52,buy,2.0,36888.4
2023-11-27 15:32:53,sell,2.0,36888.3
2023-11-27 15:33:03,sell,2.0,36887.3
2023-11-27 15:33:10,sell,5.0,36883.7
2023-11-27 15:33:34,buy,219.0,36883.8
2023-11-27 15:33:37,buy,2.0,36899.2
2023-11-27 15:33:42,buy,20.0,36899.8
2023-11-27 15:33:47,buy,2.0,36902.2
2023-11-27 15:33:49,buy,2.0,36908.4
2023-11-27 15:33:53,buy,156.0,36908.4
2023-11-27 15:34:02,buy,2.0,36908.4
2023-11-27 15:34:04,buy,85.0,36908.4
2023-11-27 15:34:06,buy,1.0,36908.4
2023-11-27 15:34:07,buy,5.0,36908.4
2023-11-27 15:34:10,buy,8.0,36910.0
2023-11-27 15:34:14,buy,2.0,36911.4
2023-11-27 15:34:23,sell,1.0,36912.3
2023-11-27 15:34:26,buy,5.0,36912.4
2023-11-27 15:34:28,buy,10.0,36913.3
2023-11-27 15:34:29,sell,109.0,36913.2
2023-11-27 15:34:30,buy,32.0,36910.3
2023-11-27 15:34:37,buy,50.0,36897.4
2023-11-27 15:34:40,buy,22.0,36897.4
2023-11-27 15:34:55,buy,2.0,36904.4
2023-11-27 15:34:57,buy,49.0,36906.1
2023-11-27 15:35:01,buy,2.0,36909.4
2023-11-27 15:35:03,sell,7.0,36909.3
2023-11-27 15:35:09,buy,1.0,36903.1
2023-11-27 15:35:12,buy,219.0,36903.1
2023-11-27 15:35:15,buy,20.0,36909.4
2023-11-27 15:35:16,buy,7.0,36915.9
2023-11-27 15:35:28,buy,2.0,36918.0
2023-11-27 15:35:43,buy,116.0,36918.0
2023-11-27 15:35:46,sell,5.0,36914.3
2023-11-27 15:35:50,sell,5.0,36906.8
2023-11-27 15:35:57,sell,7.0,36901.3
2023-11-27 15:35:58,sell,2.0,36894.7
2023-11-27 15:35:59,buy,22.0,36893.0
2023-11-27 15:36:05,sell,2.0,36892.9
2023-11-27 15:36:10,buy,56.0,36893.0
2023-11-27 15:36:17,sell,27.0,36897.6
2023-11-27 15:36:26,buy,2.0,36895.7
2023-11-27 15:36:29,buy,2.0,36899.3
2023-11-27 15:36:36,buy,1.0,36907.0
2023-11-27 15:36:37,buy,1.0,36911.0
2023-11-27 15:36:41,sell,12.0,36912.5
2023-11-27 15:36:53,buy,2.0,36913.5
2023-11-27 15:37:16,buy,4.0,36915.5
2023-11-27 15:37:18,buy,7.0,36920.3
2023-11-27 15:37:20,buy,117.0,36924.0
2023-11-27 15:37:21,buy,4.0,36925.0
2023-11-27 15:37:29,sell,1.0,36928.3
2023-11-27 15:37:33,buy,4.0,36930.0
2023-11-27 15:37:34,buy,677.0,36932.8
2023-11-27 15:37:44,buy,21.0,36933.9
2023-11-27 15:37:47,buy,4.0,36935.0
2023-11-27 15:37:56,sell,1.0,36939.9
2023-11-27 15:37:58,buy,4.0,36940.0
2023-11-27 15:38:00,sell,1.0,36942.7
2023-11-27 15:38:02,buy,155.0,36942.8
2023-11-27 15:38:06,buy,4.0,36945.0
2023-11-27 15:38:18,sell,70.0,36944.9
2023-11-27 15:38:19,sell,424.0,36944.9
2023-11-27 15:38:26,sell,36.0,36944.9
2023-11-27 15:38:33,sell,6.0,36947.1
2023-11-27 15:38:35,buy,1.0,36947.2
2023-11-27 15:38:43,buy,1.0,36947.2
2023-11-27 15:38:44,buy,2.0,36950.0
2023-11-27 15:38:57,sell,100.0,36952.6
2023-11-27 15:38:58,buy,65.0,36952.7
2023-11-27 15:39:01,sell,3.0,36952.6
2023-11-27 15:39:02,sell,16.0,36952.6
2023-11-27 15:39:09,sell,30.0,36952.6
2023-11-27 15:39:10,buy,5576.0,36950.7
2023-11-27 15:39:11,sell,2.0,36950.1
2023-11-27 15:39:12,sell,1.0,36947.2
2023-11-27 15:39:14,sell,8.0,36945.0
2023-11-27 15:39:15,sell,34.0,36945.0
2023-11-27 15:39:31,sell,31.0,36940.0
2023-11-27 15:39:32,sell,19.0,36940.0
2023-11-27 15:39:35,sell,2.0,36940.0
2023-11-27 15:39:39,sell,100.0,36931.9
2023-11-27 15:39:51,buy,50.0,36932.0
2023-11-27 15:39:58,sell,1.0,36930.9
2023-11-27 15:40:00,buy,7.0,36931.0
2023-11-27 15:40:05,sell,1.0,36930.9
2023-11-27 15:40:06,sell,2.0,36925.9
2023-11-27 15:40:09,buy,109.0,36925.0
2023-11-27 15:40:14,sell,219.0,36924.9
2023-11-27 15:40:15,sell,74.0,36914.1
2023-11-27 15:40:24,buy,7.0,36914.2
2023-11-27 15:40:39,sell,7.0,36914.1
2023-11-27 15:40:42,sell,2.0,36913.1
2023-11-27 15:40:45,sell,20.0,36908.0
2023-11-27 15:40:54,buy,30.0,36908.1
2023-11-27 15:40:55,sell,11.0,36908.0
2023-11-27 15:41:04,sell,2.0,36906.6
2023-11-27 15:41:05,buy,8.0,36905.0
2023-11-27 15:41:06,sell,2.0,36904.9
2023-11-27 15:41:10,sell,13.0,36902.4
2023-11-27 15:41:23,buy,5.0,36902.5
2023-11-27 15:41:30,buy,1.0,36910.0
2023-11-27 15:41:32,buy,1.0,36915.0
2023-11-27 15:41:40,sell,84.0,36919.5
2023-11-27 15:41:48,buy,1.0,36920.0
2023-11-27 15:41:57,buy,1.0,36925.0
2023-11-27 15:42:10,buy,1.0,36934.1
2023-11-27 15:42:12,buy,165.0,36932.1
2023-11-27 15:42:23,buy,1.0,36931.1
2023-11-27 15:42:24,sell,2.0,36931.0
2023-11-27 15:42:33,buy,10.0,36931.1
2023-11-27 15:42:35,sell,1.0,36931.0
2023-11-27 15:43:04,sell,6.0,36931.0
2023-11-27 15:43:10,sell,2.0,36922.7
2023-11-27 15:43:12,sell,217.0,36921.9
2023-11-27 15:43:14,sell,12.0,36919.6
2023-11-27 15:43:15,sell,219.0,36919.6
2023-11-27 15:43:20,sell,2.0,36908.0
2023-11-27 15:43:21,sell,2.0,36903.1
2023-11-27 15:43:35,sell,8.0,36903.1
2023-11-27 15:43:37,sell,2.0,36903.1
2023-11-27 15:43:38,sell,250.0,36903.1
2023-11-27 15:43:42,buy,1.0,36903.2
2023-11-27 15:43:47,sell,10.0,36903.1
2023-11-27 15:43:51,sell,70.0,36903.1
2023-11-27 15:44:02,sell,11.0,36903.1
2023-11-27 15:44:03,sell,19.0,36903.1
2023-11-27 15:44:07,buy,4.0,36903.2
2023-11-27 15:44:15,buy,1.0,36911.8
2023-11-27 15:44:16,buy,13.0,36911.8
2023-11-27 15:44:31,buy,3.0,36911.8
2023-11-27 15:44:35,buy,18.0,36911.8
2023-11-27 15:44:43,sell,1.0,36911.7
2023-11-27 15:45:06,sell,55.0,36911.7
2023-11-27 15:45:12,buy,200.0,36907.1
2023-11-27 15:45:17,sell,13.0,36907.0
2023-11-27 15:45:18,sell,63.0,36906.9
2023-11-27 15:45:23,sell,1.0,36904.8
2023-11-27 15:45:29,sell,30.0,36896.0
2023-11-27 15:45:38,sell,3.0,36896.0
2023-11-27 15:45:42,sell,3.0,36896.0
2023-11-27 15:45:55,sell,20.0,36896.0
2023-11-27 15:45:59,buy,2.0,36891.6
2023-11-27 15:46:01,sell,2.0,36890.5
2023-11-27 15:46:03,buy,122.0,36890.6
2023-11-27 15:46:05,sell,2.0,36889.5
2023-11-27 15:46:08,buy,2.0,36887.8
2023-11-27 15:46:22,sell,15.0,36887.7
2023-11-27 15:46:29,buy,25.0,36887.8
2023-11-27 15:46:55,buy,276.0,36887.8
2023-11-27 15:47:10,sell,1.0,36887.7
2023-11-27 15:47:14,sell,271.0,36887.7
2023-11-27 15:47:16,sell,2.0,36883.4
2023-11-27 15:47:20,sell,2.0,36881.0
2023-11-27 15:47:21,sell,10.0,36874.9
2023-11-27 15:47:30,sell,117.0,36874.9
2023-11-27 15:47:34,sell,1.0,36874.9
2023-11-27 15:47:36,buy,1.0,36875.0
2023-11-27 15:47:43,sell,2.0,36874.9
2023-11-27 15:47:47,sell,55.0,36871.2
2023-11-27 15:47:48,sell,2.0,36865.3
2023-11-27 15:47:49,sell,20.0,36860.3
2023-11-27 15:47:50,sell,20.0,36853.0
2023-11-27 15:47:55,buy,418.0,36853.1
2023-11-27 15:47:57,buy,70.0,36853.1
2023-11-27 15:48:01,buy,219.0,36853.1
2023-11-27 15:48:02,buy,246.0,36856.7
2023-11-27 15:48:05,buy,2.0,36861.2
2023-11-27 15:48:10,buy,18.0,36861.2
2023-11-27 15:48:22,buy,3.0,36861.2
2023-11-27 15:48:27,sell,30.0,36861.1
2023-11-27 15:48:30,sell,32.0,36861.1
2023-11-27 15:48:32,buy,2.0,36864.1
2023-11-27 15:48:34,sell,24.0,36865.2
2023-11-27 15:48:35,sell,85.0,36865.2
2023-11-27 15:48:42,buy,15.0,36865.3
2023-11-27 15:48:43,sell,269.0,36865.2
2023-11-27 15:48:44,sell,145.0,36865.2
2023-11-27 15:48:46,buy,216.0,36865.3
2023-11-27 15:48:47,sell,219.0,36865.2
2023-11-27 15:48:49,buy,50.0,36865.3
2023-11-27 15:48:50,sell,1.0,36865.2
2023-11-27 15:48:54,sell,5.0,36865.2
2023-11-27 15:48:57,buy,85.0,36865.3
2023-11-27 15:49:02,sell,1.0,36865.2
2023-11-27 15:49:03,sell,46.0,36856.8
2023-11-27 15:49:05,sell,146.0,36853.0
2023-11-27 15:49:06,sell,30.0,36850.0
2023-11-27 15:49:07,sell,284.0,36850.0
2023-11-27 15:49:09,sell,12.0,36850.0
2023-11-27 15:49:10,sell,146.0,36850.0
2023-11-27 15:49:16,sell,110.0,36850.0
2023-11-27 15:49:21,sell,30.0,36850.0
2023-11-27 15:49:23,sell,50.0,36850.0
2023-11-27 15:49:30,sell,33.0,36850.0
2023-11-27 15:49:31,sell,314.0,36850.0
2023-11-27 15:49:46,sell,126.0,36850.0
2023-11-27 15:49:48,sell,1.0,36857.1
2023-11-27 15:49:51,buy,2.0,36858.9
2023-11-27 15:49:53,buy,50.0,36859.0
2023-11-27 15:49:56,buy,2.0,36863.6
2023-11-27 15:49:59,buy,10.0,36863.6
2023-11-27 15:50:06,buy,3.0,36863.6
2023-11-27 15:50:07,sell,41.0,36863.5
2023-11-27 15:50:09,buy,6.0,36863.6
2023-11-27 15:50:15,buy,2.0,36868.3
2023-11-27 15:50:16,buy,2.0,36870.3
2023-11-27 15:50:23,buy,2.0,36872.2
2023-11-27 15:50:24,buy,163.0,36872.2
2023-11-27 15:50:26,buy,124.0,36872.2
2023-11-27 15:50:27,buy,2.0,36872.2
2023-11-27 15:50:28,buy,128.0,36872.2
2023-11-27 15:50:29,buy,2.0,36872.2
2023-11-27 15:50:31,buy,2.0,36876.0
2023-11-27 15:50:34,buy,2.0,36876.0
2023-11-27 15:50:54,buy,109.0,36876.0
2023-11-27 15:50:55,buy,162.0,36876.9
2023-11-27 15:51:10,buy,51.0,36882.5
2023-11-27 15:51:11,buy,95.0,36882.5
2023-11-27 15:51:12,buy,12.0,36886.2
2023-11-27 15:51:18,buy,30.0,36887.8
2023-11-27 15:51:27,buy,70.0,36887.8
2023-11-27 15:51:39,buy,1.0,36892.8
2023-11-27 15:51:56,sell,80.0,36892.7
2023-11-27 15:51:59,sell,55.0,36882.5
2023-11-27 15:52:00,sell,20.0,36875.0
2023-11-27 15:52:01,sell,11.0,36867.7
2023-11-27 15:52:11,buy,64.0,36867.8
2023-11-27 15:52:13,sell,24.0,36867.7
2023-11-27 15:52:14,buy,8.0,36867.8
2023-11-27 15:52:18,sell,13.0,36867.7
2023-11-27 15:52:26,buy,14.0,36860.1
2023-11-27 15:52:28,sell,2.0,36860.0
2023-11-27 15:52:30,buy,10.0,36860.1
2023-11-27 15:52:33,buy,7.0,36860.1
2023-11-27 15:52:35,buy,146.0,36860.1
2023-11-27 15:53:03,sell,2.0,36863.7
2023-11-27 15:53:09,sell,1.0,36859.1
2023-11-27 15:53:19,sell,109.0,36855.7
2023-11-27 15:53:22,sell,13.0,36850.4
2023-11-27 15:53:30,sell,2.0,36850.4
2023-11-27 15:53:33,sell,8.0,36850.4
2023-11-27 15:53:34,sell,1.0,36850.4
2023-11-27 15:53:37,buy,303.0,36850.5
2023-11-27 15:53:39,sell,85.0,36850.4
2023-11-27 15:53:40,sell,162.0,36850.4
2023-11-27 15:53:43,sell,10.0,36850.4
2023-11-27 15:54:04,sell,65.0,36858.7
2023-11-27 15:54:06,buy,2.0,36858.8
2023-11-27 15:54:07,sell,4.0,36858.7
2023-11-27 15:54:17,sell,1.0,36859.7
2023-11-27 15:54:19,sell,73.0,36859.7
2023-11-27 15:54:27,buy,1128.0,36859.8
2023-11-27 15:54:28,sell,55.0,36859.7
2023-11-27 15:54:48,sell,2.0,36851.7
2023-11-27 15:54:49,sell,21.0,36850.4
2023-11-27 15:54:50,sell,160.0,36850.4
2023-11-27 15:54:54,sell,80.0,36850.4
2023-11-27 15:54:55,sell,1.0,36850.0
2023-11-27 15:55:00,sell,2.0,36842.3
2023-11-27 15:55:02,sell,49.0,36842.3
2023-11-27 15:55:04,sell,2.0,36841.3
2023-11-27 15:55:05,sell,7.0,36839.4
2023-11-27 15:55:07,buy,1.0,36839.5
2023-11-27 15:55:08,buy,25.0,36839.5
2023-11-27 15:55:13,sell,354.0,36839.4
2023-11-27 15:55:16,sell,11.0,36826.0
2023-11-27 15:55:18,buy,294.0,36826.1
2023-11-27 15:55:19,buy,2.0,36826.1
2023-11-27 15:55:21,buy,219.0,36830.3
2023-11-27 15:55:26,buy,2.0,36836.2
2023-11-27 15:55:27,buy,2.0,36839.6
2023-11-27 15:55:28,buy,4.0,36842.7
2023-11-27 15:55:31,sell,303.0,36848.2
2023-11-27 15:55:35,buy,4.0,36848.3
2023-11-27 15:55:36,sell,92.0,36848.2
2023-11-27 15:55:43,buy,160.0,36848.3
2023-11-27 15:55:53,sell,39.0,36856.5
2023-11-27 15:56:01,buy,1.0,36856.6
2023-11-27 15:56:03,sell,80.0,36856.5
2023-11-27 15:56:06,buy,2.0,36859.5
2023-11-27 15:56:17,sell,15.0,36854.6
2023-11-27 15:56:18,sell,10.0,36851.9
2023-11-27 15:56:19,sell,4.0,36843.5
2023-11-27 15:56:20,sell,33.0,36839.4
2023-11-27 15:56:21,buy,25.0,36834.0
2023-11-27 15:56:26,buy,80.0,36834.0
2023-11-27 15:56:27,buy,13.0,36834.0
2023-11-27 15:56:34,buy,2.0,36841.4
2023-11-27 15:56:39,buy,20.0,36841.4
2023-11-27 15:56:45,buy,154.0,36839.2
2023-11-27 15:56:52,sell,2.0,36839.1
2023-11-27 15:57:06,sell,1.0,36839.1
2023-11-27 15:57:08,sell,2.0,36838.1
2023-11-27 15:57:16,sell,73.0,36833.0
2023-11-27 15:57:18,buy,10.0,36833.1
2023-11-27 15:57:25,buy,5.0,36833.1
2023-11-27 15:57:26,sell,26.0,36833.0
2023-11-27 15:57:27,sell,126.0,36833.0
2023-11-27 15:57:30,buy,82.0,36833.1
2023-11-27 15:57:37,buy,109.0,36833.1
2023-11-27 15:57:38,buy,99.0,36833.1
2023-11-27 15:57:39,buy,2.0,36836.2
2023-11-27 15:57:40,sell,7.0,36838.3
2023-11-27 15:57:52,buy,20.0,36827.6
2023-11-27 15:57:54,sell,1.0,36827.5
2023-11-27 15:57:55,sell,21.0,36827.5
2023-11-27 15:57:57,buy,15.0,36825.1
2023-11-27 15:58:02,buy,50.0,36825.1
2023-11-27 15:58:05,buy,125.0,36825.1
2023-11-27 15:58:12,sell,2.0,36825.0
2023-11-27 15:58:13,sell,1.0,36819.8
2023-11-27 15:58:15,buy,10.0,36819.9
2023-11-27 15:58:20,sell,2.0,36819.8
2023-11-27 15:58:22,sell,35.0,36819.8
2023-11-27 15:58:34,buy,70.0,36816.7
2023-11-27 15:58:38,buy,120.0,36816.7
2023-11-27 15:58:39,sell,14.0,36819.8
2023-11-27 15:58:40,sell,43.0,36819.8
2023-11-27 15:58:42,buy,219.0,36823.4
2023-11-27 15:58:45,sell,6.0,36832.9
2023-11-27 15:58:49,buy,50.0,36833.0
2023-11-27 15:58:58,buy,2.0,36836.8
2023-11-27 15:59:04,buy,5.0,36836.8
2023-11-27 15:59:07,sell,20.0,36836.7
2023-11-27 15:59:14,buy,2.0,36835.8
2023-11-27 15:59:18,buy,75.0,36821.0
2023-11-27 15:59:25,sell,81.0,36829.4
2023-11-27 15:59:26,sell,1.0,36826.6
2023-11-27 15:59:27,buy,3.0,36819.5
2023-11-27 15:59:35,sell,56.0,36819.4
2023-11-27 15:59:36,sell,2.0,36817.7
2023-11-27 15:59:37,sell,37.0,36811.3
2023-11-27 15:59:41,sell,1.0,36805.7
2023-11-27 15:59:44,buy,6.0,36805.8
2023-11-27 15:59:45,buy,549.0,36810.1
2023-11-27 15:59:48,buy,109.0,36810.1
2023-11-27 15:59:49,buy,1597.0,36811.1
2023-11-27 15:59:52,sell,110.0,36820.1
2023-11-27 15:59:58,sell,193.0,36820.1
2023-11-27 15:59:59,sell,55.0,36811.4
2023-11-27 16:00:00,sell,41.0,36806.7
2023-11-27 16:00:04,buy,103.0,36812.3
2023-11-27 16:00:12,sell,14.0,36812.2
2023-11-27 16:00:13,buy,21.0,36807.6
2023-11-27 16:00:14,buy,2.0,36807.6
2023-11-27 16:00:15,buy,3.0,36807.6
2023-11-27 16:00:19,sell,55.0,36807.5
2023-11-27 16:00:20,sell,27.0,36803.4
2023-11-27 16:00:21,buy,1.0,36803.5
2023-11-27 16:00:22,sell,1.0,36803.4
2023-11-27 16:00:23,sell,48.0,36803.4
2023-11-27 16:00:24,sell,38.0,36803.4
2023-11-27 16:00:25,buy,13.0,36803.5
2023-11-27 16:00:28,sell,92.0,36803.4
2023-11-27 16:00:30,sell,14.0,36803.4
2023-11-27 16:00:31,sell,430.0,36803.4
2023-11-27 16:00:32,sell,134.0,36803.4
2023-11-27 16:00:37,sell,7.0,36803.4
2023-11-27 16:00:39,sell,12.0,36803.4
2023-11-27 16:00:44,sell,2.0,36803.4
2023-11-27 16:00:47,buy,14.0,36803.5
2023-11-27 16:00:56,sell,832.0,36809.7
2023-11-27 16:00:57,sell,1.0,36803.4
2023-11-27 16:00:58,buy,8.0,36801.1
2023-11-27 16:00:59,sell,9.0,36801.0
2023-11-27 16:01:04,buy,6.0,36800.7
2023-11-27 16:01:05,sell,271.0,36800.6
2023-11-27 16:01:06,sell,118.0,36800.6
2023-11-27 16:01:10,sell,75.0,36800.6
2023-11-27 16:01:11,buy,90.0,36800.7
2023-11-27 16:01:12,buy,23.0,36800.7
2023-11-27 16:01:13,buy,100.0,36800.7
2023-11-27 16:01:15,sell,160.0,36800.6
2023-11-27 16:01:17,buy,84.0,36800.7
2023-11-27 16:01:21,buy,7.0,36806.3
2023-11-27 16:01:24,buy,5.0,36806.3
2023-11-27 16:01:29,buy,90.0,36819.4
2023-11-27 16:01:37,buy,431.0,36819.4
2023-11-27 16:01:38,buy,80.0,36826.7
2023-11-27 16:01:41,buy,5.0,36831.4
2023-11-27 16:01:43,sell,24.0,36833.9
2023-11-27 16:01:45,buy,206.0,36834.0
2023-11-27 16:01:48,buy,85.0,36834.0
2023-11-27 16:01:50,buy,24.0,36834.0
2023-11-27 16:01:52,buy,10.0,36835.7
2023-11-27 16:01:55,buy,1.0,36835.7
2023-11-27 16:01:58,buy,1.0,36838.7
2023-11-27 16:02:00,sell,2.0,36838.6
2023-11-27 16:02:05,sell,183.0,36838.6
2023-11-27 16:02:11,sell,2.0,36834.6
2023-11-27 16:02:15,buy,6.0,36832.7
2023-11-27 16:02:17,sell,4.0,36832.6
2023-11-27 16:02:25,sell,2.0,36832.6
2023-11-27 16:02:33,buy,108.0,36829.1
2023-11-27 16:02:34,sell,260.0,36837.7
2023-11-27 16:02:35,sell,1.0,36821.8
2023-11-27 16:02:37,buy,65.0,36820.2
2023-11-27 16:02:43,buy,51.0,36820.2
2023-11-27 16:02:44,buy,2.0,36823.2
2023-11-27 16:02:46,sell,3.0,36827.2
2023-11-27 16:02:47,buy,3.0,36825.5
2023-11-27 16:02:49,sell,38.0,36825.4
2023-11-27 16:02:54,sell,2.0,36825.3
2023-11-27 16:03:04,buy,29.0,36820.2
2023-11-27 16:03:11,sell,5.0,36820.0
2023-11-27 16:03:12,sell,11.0,36820.0
2023-11-27 16:03:14,buy,14.0,36815.9
2023-11-27 16:03:15,sell,21.0,36815.8
2023-11-27 16:03:17,buy,58.0,36815.9
2023-11-27 16:03:18,sell,2.0,36815.8
2023-11-27 16:03:19,sell,1.0,36814.8
2023-11-27 16:03:27,sell,2.0,36813.8
2023-11-27 16:03:37,buy,129.0,36812.9
2023-11-27 16:03:39,buy,219.0,36812.9
2023-11-27 16:03:40,buy,81.0,36818.5
2023-11-27 16:03:43,buy,5.0,36824.4
2023-11-27 16:03:45,buy,38.0,36824.4
2023-11-27 16:03:49,sell,138.0,36827.7
2023-11-27 16:03:50,buy,1.0,36828.4
2023-11-27 16:03:51,buy,99.0,36828.4
2023-11-27 16:03:53,buy,2.0,36829.7
2023-11-27 16:03:54,buy,2.0,36830.7
2023-11-27 16:03:55,buy,1.0,36831.5
2023-11-27 16:04:02,buy,2.0,36832.5
2023-11-27 16:04:09,buy,2.0,36835.9
2023-11-27 16:04:18,buy,40.0,36835.9
2023-11-27 16:04:19,buy,1.0,36835.9
2023-11-27 16:04:21,buy,9.0,36835.9
2023-11-27 16:04:30,sell,219.0,36837.6
2023-11-27 16:04:34,sell,5.0,36834.1
2023-11-27 16:04:40,buy,205.0,36834.2
2023-11-27 16:04:43,sell,109.0,36834.1
2023-11-27 16:04:46,sell,2.0,36831.1
2023-11-27 16:04:50,buy,3.0,36830.2
2023-11-27 16:04:52,sell,2.0,36815.2
2023-11-27 16:04:54,sell,1.0,36815.2
2023-11-27 16:04:58,sell,2.0,36813.8
2023-11-27 16:05:15,buy,84.0,36810.8
2023-11-27 16:05:24,sell,181.0,36810.7
2023-11-27 16:05:27,buy,277.0,36810.8
2023-11-27 16:05:29,buy,2.0,36823.1
2023-11-27 16:05:32,sell,12.0,36825.6
2023-11-27 16:05:36,buy,4.0,36825.7
2023-11-27 16:05:44,buy,8.0,36834.1
2023-11-27 16:05:45,buy,109.0,36837.6
2023-11-27 16:05:52,buy,219.0,36842.2
2023-11-27 16:05:57,buy,1.0,36850.0
2023-11-27 16:06:02,buy,2.0,36853.4
2023-11-27 16:06:05,sell,5.0,36853.3
2023-11-27 16:06:06,buy,84.0,36853.4
2023-11-27 16:06:07,buy,357.0,36853.4
2023-11-27 16:06:14,buy,2.0,36856.4
2023-11-27 16:06:15,buy,1.0,36857.4
2023-11-27 16:06:16,buy,126.0,36857.4
2023-11-27 16:06:17,buy,30.0,36857.4
2023-11-27 16:06:20,sell,2.0,36857.3
2023-11-27 16:06:24,buy,340.0,36857.4
2023-11-27 16:06:30,sell,23.0,36857.3
2023-11-27 16:06:35,buy,2.0,36857.4
2023-11-27 16:06:36,buy,10.0,36857.4
2023-11-27 16:06:38,buy,3.0,36857.4
2023-11-27 16:06:40,sell,48.0,36857.3
2023-11-27 16:06:41,buy,109.0,36857.4
2023-11-27 16:06:42,buy,2.0,36859.4
2023-11-27 16:06:49,buy,20.0,36860.0
2023-11-27 16:06:52,buy,2.0,36860.0
2023-11-27 16:06:57,buy,2.0,36864.2
2023-11-27 16:06:58,buy,46.0,36864.2
2023-11-27 16:07:01,buy,1.0,36864.2
2023-11-27 16:07:06,buy,467.0,36864.2
2023-11-27 16:07:13,buy,1.0,36865.0
2023-11-27 16:07:17,buy,5.0,36867.5
2023-11-27 16:07:18,buy,10.0,36869.0
2023-11-27 16:07:19,sell,153.0,36868.9
2023-11-27 16:07:21,buy,40.0,36867.0
2023-11-27 16:07:36,buy,5.0,36867.0
2023-11-27 16:07:39,sell,2.0,36862.2
2023-11-27 16:07:42,buy,14.0,36856.6
2023-11-27 16:07:44,buy,3.0,36856.6
2023-11-27 16:07:47,sell,5.0,36856.5
2023-11-27 16:07:55,buy,16.0,36856.6
2023-11-27 16:08:02,buy,13.0,36856.6
2023-11-27 16:08:03,buy,2.0,36865.9
2023-11-27 16:08:05,buy,807.0,36866.7
2023-11-27 16:08:13,buy,109.0,36879.6
2023-11-27 16:08:14,buy,1.0,36880.0
2023-11-27 16:08:15,buy,2.0,36882.6
2023-11-27 16:08:17,buy,4.0,36893.1
2023-11-27 16:08:18,buy,1.0,36893.1
2023-11-27 16:08:21,sell,103.0,36894.0
2023-11-27 16:08:28,sell,28.0,36889.8
2023-11-27 16:08:32,sell,431.0,36889.8
2023-11-27 16:08:37,buy,4.0,36889.9
2023-11-27 16:08:40,buy,1.0,36895.0
2023-11-27 16:08:41,buy,52.0,36898.4
2023-11-27 16:08:45,buy,2.0,36899.4
2023-11-27 16:08:46,buy,2.0,36901.0
2023-11-27 16:08:47,buy,2.0,36901.0
2023-11-27 16:08:54,buy,5.0,36901.1
2023-11-27 16:08:55,buy,4.0,36901.1
2023-11-27 16:08:56,buy,70.0,36901.1
2023-11-27 16:09:03,buy,28.0,36902.0
2023-11-27 16:09:05,buy,2.0,36903.8
2023-11-27 16:09:06,buy,401.0,36903.8
2023-11-27 16:09:20,buy,2.0,36904.9
2023-11-27 16:09:22,buy,85.0,36904.9
2023-11-27 16:09:23,sell,370.0,36904.8
2023-11-27 16:09:24,sell,4.0,36904.0
2023-11-27 16:09:25,sell,2.0,36902.1
2023-11-27 16:09:26,sell,17.0,36901.0
2023-11-27 16:09:27,sell,70.0,36901.0
2023-11-27 16:09:32,buy,12.0,36901.1
2023-11-27 16:09:33,buy,54.0,36901.1
2023-11-27 16:09:34,sell,3.0,36901.0
2023-11-27 16:09:42,buy,18.0,36901.1
2023-11-27 16:09:44,sell,9.0,36901.0
2023-11-27 16:09:50,sell,2.0,36900.0
2023-11-27 16:09:57,sell,10.0,36900.0
2023-11-27 16:10:01,buy,110.0,36900.1
2023-11-27 16:10:13,sell,193.0,36900.0
2023-11-27 16:10:16,buy,24.0,36900.1
2023-11-27 16:10:28,buy,5.0,36900.1
2023-11-27 16:10:40,buy,126.0,36900.1
2023-11-27 16:10:45,buy,1.0,36910.0
2023-11-27 16:10:55,sell,241.0,36911.3
2023-11-27 16:10:59,buy,5.0,36910.1
2023-11-27 16:11:08,buy,10.0,36910.1
2023-11-27 16:11:09,sell,386.0,36911.9
2023-11-27 16:11:15,sell,26.0,36911.9
2023-11-27 16:11:16,buy,50.0,36904.7
2023-11-27 16:11:22,sell,2.0,36903.6
2023-11-27 16:11:23,sell,6.0,36903.6
2023-11-27 16:11:26,buy,539.0,36903.7
2023-11-27 16:11:28,buy,2.0,36904.7
2023-11-27 16:11:30,buy,2.0,36906.7
2023-11-27 16:11:38,sell,5.0,36909.9
2023-11-27 16:11:45,buy,5.0,36911.9
2023-11-27 16:11:47,buy,20.0,36912.0
2023-11-27 16:11:48,sell,50.0,36916.3
2023-11-27 16:11:49,sell,20.0,36916.3
2023-11-27 16:11:51,buy,5.0,36918.4
2023-11-27 16:12:04,buy,1.0,36918.4
2023-11-27 16:12:08,sell,5.0,36918.3
2023-11-27 16:12:15,sell,4.0,36918.3
2023-11-27 16:12:22,sell,100.0,36919.8
2023-11-27 16:12:28,buy,1.0,36925.0
2023-11-27 16:12:32,buy,52.0,36929.1
2023-11-27 16:12:38,buy,2.0,36930.0
2023-11-27 16:12:40,sell,217.0,36929.9
2023-11-27 16:12:52,buy,4.0,36930.0
2023-11-27 16:12:54,buy,28.0,36930.0
2023-11-27 16:12:55,buy,9.0,36930.0
2023-11-27 16:12:56,buy,20.0,36930.0
2023-11-27 16:12:57,buy,102.0,36930.0
2023-11-27 16:13:00,sell,1.0,36929.9
2023-11-27 16:13:02,sell,4.0,36929.9
2023-11-27 16:13:03,sell,80.0,36929.9
2023-11-27 16:13:05,sell,2.0,36923.8
2023-11-27 16:13:06,sell,2.0,36919.0
2023-11-27 16:13:13,sell,7.0,36918.2
2023-11-27 16:13:14,sell,5.0,36918.2
2023-11-27 16:13:23,sell,8.0,36915.6
2023-11-27 16:13:27,sell,4.0,36915.6
2023-11-27 16:13:30,sell,2.0,36915.6
2023-11-27 16:13:36,sell,264.0,36915.6
2023-11-27 16:13:39,sell,3.0,36915.6
2023-11-27 16:13:43,sell,9.0,36915.6
2023-11-27 16:13:50,sell,7.0,36915.6
2023-11-27 16:13:56,sell,4.0,36910.9
2023-11-27 16:13:58,sell,20.0,36910.9
2023-11-27 16:13:59,buy,5.0,36909.9
2023-11-27 16:14:00,buy,89.0,36909.0
2023-11-27 16:14:06,sell,27.0,36905.6
2023-11-27 16:14:13,sell,16.0,36905.6
2023-11-27 16:14:16,buy,20.0,36905.7
2023-11-27 16:14:17,buy,13.0,36905.7
2023-11-27 16:14:18,sell,104.0,36914.7
2023-11-27 16:14:21,sell,205.0,36914.7
2023-11-27 16:14:29,buy,2.0,36914.8
2023-11-27 16:14:41,buy,16.0,36921.8
2023-11-27 16:14:46,sell,7.0,36921.7
2023-11-27 16:15:00,buy,2.0,36924.8
2023-11-27 16:15:02,buy,7.0,36925.0
2023-11-27 16:15:05,sell,219.0,36929.8
2023-11-27 16:15:11,sell,109.0,36920.7
2023-11-27 16:15:12,buy,29.0,36917.8
2023-11-27 16:15:17,sell,2.0,36917.7
2023-11-27 16:15:26,buy,1.0,36917.8
2023-11-27 16:15:34,buy,1.0,36917.8
2023-11-27 16:15:46,sell,195.0,36924.4
2023-11-27 16:15:47,buy,131.0,36924.5
2023-11-27 16:15:52,sell,1.0,36924.4
2023-11-27 16:15:53,sell,3.0,36927.3
2023-11-27 16:16:02,buy,2.0,36929.9
2023-11-27 16:16:05,buy,2.0,36930.0
2023-11-27 16:16:09,sell,7.0,36933.4
2023-11-27 16:16:11,buy,2.0,36935.0
2023-11-27 16:16:12,buy,5.0,36937.0
2023-11-27 16:16:15,buy,2.0,36937.0
2023-11-27 16:16:26,sell,85.0,36936.9
2023-11-27 16:16:33,buy,53.0,36937.0
2023-11-27 16:16:36,sell,200.0,36936.9
2023-11-27 16:16:37,buy,1.0,36937.0
2023-11-27 16:16:40,sell,3.0,36936.9
2023-11-27 16:16:41,buy,65.0,36937.0
2023-11-27 16:16:42,buy,49.0,36937.0
2023-11-27 16:16:43,buy,219.0,36937.0
2023-11-27 16:16:45,sell,17.0,36937.8
2023-11-27 16:16:51,buy,10.0,36937.9
2023-11-27 16:16:57,buy,4.0,36937.9
2023-11-27 16:16:58,sell,36.0,36937.8
2023-11-27 16:17:10,buy,54.0,36937.9
2023-11-27 16:17:11,buy,8.0,36941.3
2023-11-27 16:17:14,buy,29.0,36941.3
2023-11-27 16:17:19,buy,7.0,36941.3
2023-11-27 16:17:23,sell,2.0,36940.2
2023-11-27 16:17:27,buy,10.0,36940.3
2023-11-27 16:17:28,buy,2.0,36943.7
2023-11-27 16:17:30,buy,33.0,36945.7
2023-11-27 16:17:32,buy,3.0,36945.7
2023-11-27 16:17:46,buy,2.0,36949.7
2023-11-27 16:17:49,buy,12.0,36949.7
2023-11-27 16:18:03,buy,2.0,36950.0
2023-11-27 16:18:09,buy,2.0,36952.0
2023-11-27 16:18:14,buy,4.0,36952.0
2023-11-27 16:18:16,buy,91.0,36952.0
2023-11-27 16:18:23,buy,32.0,36952.0
2023-11-27 16:18:31,sell,10.0,36951.9
2023-11-27 16:18:37,buy,3.0,36955.0
2023-11-27 16:18:38,buy,81.0,36956.9
2023-11-27 16:18:41,buy,1.0,36958.4
2023-11-27 16:18:42,buy,2.0,36965.0
2023-11-27 16:18:54,buy,18.0,36967.5
2023-11-27 16:18:57,buy,65.0,36967.5
2023-11-27 16:19:00,buy,27.0,36967.5
2023-11-27 16:19:06,buy,97.0,36967.5
2023-11-27 16:19:11,buy,1.0,36967.8
2023-11-27 16:19:14,buy,5.0,36967.8
2023-11-27 16:19:15,buy,1.0,36968.6
2023-11-27 16:19:16,buy,2.0,36969.4
2023-11-27 16:19:17,buy,2.0,36969.4
2023-11-27 16:19:18,buy,109.0,36971.4
2023-11-27 16:19:20,buy,178.0,36971.4
2023-11-27 16:19:24,buy,1.0,36971.4
2023-11-27 16:19:25,sell,42.0,36971.3
2023-11-27 16:19:28,buy,500.0,36971.4
2023-11-27 16:19:30,buy,1.0,36971.4
2023-11-27 16:19:32,sell,1.0,36971.3
2023-11-27 16:19:35,buy,66.0,36971.4
2023-11-27 16:19:36,buy,23.0,36971.4
2023-11-27 16:19:37,buy,959.0,36971.4
2023-11-27 16:19:39,buy,6.0,36972.5
2023-11-27 16:19:41,buy,3.0,36980.0
2023-11-27 16:19:43,buy,2.0,36981.4
2023-11-27 16:19:47,buy,229.0,36981.4
2023-11-27 16:19:48,buy,2.0,36981.7
2023-11-27 16:19:49,buy,2.0,36981.8
2023-11-27 16:19:50,buy,3.0,36985.0
2023-11-27 16:19:52,buy,229.0,36985.0
2023-11-27 16:19:57,sell,6.0,36984.9
2023-11-27 16:19:58,sell,160.0,36984.9
2023-11-27 16:19:59,buy,114.0,36976.2
2023-11-27 16:20:00,sell,2.0,36976.1
2023-11-27 16:20:03,sell,100.0,36972.5
2023-11-27 16:20:04,sell,2.0,36972.5
2023-11-27 16:20:05,sell,2.0,36970.8
2023-11-27 16:20:06,buy,8.0,36965.6
2023-11-27 16:20:09,sell,2.0,36965.5
2023-11-27 16:20:10,buy,185.0,36965.6
2023-11-27 16:20:11,sell,96.0,36965.5
2023-11-27 16:20:24,buy,49.0,36965.6
2023-11-27 16:20:30,buy,10.0,36965.6
2023-11-27 16:20:31,sell,2.0,36965.5
2023-11-27 16:20:40,sell,3.0,36965.5
2023-11-27 16:20:41,buy,2.0,36965.6
2023-11-27 16:20:46,buy,39.0,36965.6
2023-11-27 16:20:52,sell,2.0,36964.9
2023-11-27 16:20:53,sell,55.0,36963.7
2023-11-27 16:20:55,sell,48.0,36963.7
2023-11-27 16:20:58,sell,55.0,36963.7
2023-11-27 16:21:00,sell,10.0,36963.7
2023-11-27 16:21:11,sell,2.0,36957.0
2023-11-27 16:21:13,sell,154.0,36957.0
2023-11-27 16:21:16,sell,120.0,36957.0
2023-11-27 16:21:19,sell,56.0,36957.0
2023-11-27 16:21:20,sell,85.0,36957.0
2023-11-27 16:21:23,sell,150.0,36957.0
2023-11-27 16:21:28,sell,3.0,36957.0
2023-11-27 16:21:29,buy,219.0,36957.1
2023-11-27 16:21:30,sell,290.0,36962.5
2023-11-27 16:21:34,buy,5.0,36962.6
2023-11-27 16:21:39,sell,334.0,36963.5
2023-11-27 16:21:52,sell,63.0,36964.5
2023-11-27 16:21:58,buy,1.0,36964.6
2023-11-27 16:21:59,sell,2.0,36963.7
2023-11-27 16:22:00,sell,210.0,36963.5
2023-11-27 16:22:09,sell,2.0,36957.1
2023-11-27 16:22:10,buy,88.0,36955.9
2023-11-27 16:22:15,sell,792.0,36955.8
2023-11-27 16:22:17,buy,1.0,36955.9
2023-11-27 16:22:22,sell,6.0,36955.8
2023-11-27 16:22:23,sell,56.0,36955.8
2023-11-27 16:22:24,buy,219.0,36955.9
2023-11-27 16:22:25,buy,82.0,36955.9
2023-11-27 16:22:27,sell,316.0,36963.1
2023-11-27 16:22:28,buy,2.0,36965.0
2023-11-27 16:22:29,buy,2.0,36970.0
2023-11-27 16:22:30,sell,28.0,36973.5
2023-11-27 16:22:39,buy,2.0,36975.0
2023-11-27 16:22:43,sell,5.0,36977.8
2023-11-27 16:22:57,sell,219.0,36979.9
2023-11-27 16:22:58,buy,15.0,36970.1
2023-11-27 16:22:59,buy,67.0,36963.8
2023-11-27 16:23:02,buy,2.0,36966.8
2023-11-27 16:23:04,buy,1.0,36968.7
2023-11-27 16:23:10,sell,109.0,36968.6
2023-11-27 16:23:16,sell,10.0,36960.8
2023-11-27 16:23:18,buy,12.0,36960.9
2023-11-27 16:23:24,sell,93.0,36960.8
2023-11-27 16:23:31,buy,4.0,36960.9
2023-11-27 16:23:32,buy,5.0,36963.2
2023-11-27 16:23:35,sell,29.0,36969.6
2023-11-27 16:23:46,buy,3.0,36968.7
2023-11-27 16:23:47,sell,2.0,36968.6
2023-11-27 16:24:05,buy,77.0,36966.7
2023-11-27 16:24:10,buy,8.0,36966.7
2023-11-27 16:24:15,sell,2.0,36966.6
2023-11-27 16:24:19,buy,2.0,36966.7
2023-11-27 16:24:36,buy,13.0,36976.2
2023-11-27 16:24:42,buy,4.0,36976.2
2023-11-27 16:24:45,sell,443.0,36976.1
2023-11-27 16:24:46,sell,35.0,36968.0
2023-11-27 16:24:47,sell,8.0,36968.0
2023-11-27 16:24:49,sell,27.0,36968.0
2023-11-27 16:24:50,sell,8.0,36968.0
2023-11-27 16:24:57,sell,213.0,36968.0
2023-11-27 16:24:59,buy,1.0,36968.1
2023-11-27 16:25:00,sell,216.0,36968.0
2023-11-27 16:25:02,sell,108.0,36965.6
2023-11-27 16:25:03,sell,10.0,36965.6
2023-11-27 16:25:06,sell,13.0,36965.6
2023-11-27 16:25:16,sell,33.0,36965.6
2023-11-27 16:25:18,sell,55.0,36965.6
2023-11-27 16:25:25,buy,289.0,36965.7
2023-11-27 16:25:34,buy,2.0,36972.0
2023-11-27 16:25:35,buy,144.0,36972.0
2023-11-27 16:25:36,buy,150.0,36972.0
2023-11-27 16:25:42,buy,12.0,36972.0
2023-11-27 16:25:54,buy,21.0,36972.0
2023-11-27 16:25:55,buy,7.0,36974.3
2023-11-27 16:25:57,buy,4.0,36978.3
2023-11-27 16:25:58,sell,2.0,36982.8
2023-11-27 16:26:00,buy,20.0,36985.8
2023-11-27 16:26:01,buy,81.0,36985.8
2023-11-27 16:26:08,sell,66.0,36988.7
2023-11-27 16:26:09,buy,3.0,36986.2
2023-11-27 16:26:11,buy,20.0,36986.2
2023-11-27 16:26:13,buy,84.0,36986.2
2023-11-27 16:26:15,sell,3.0,36986.1
2023-11-27 16:26:22,buy,11.0,36986.2
2023-11-27 16:26:23,buy,162.0,36986.2
2023-11-27 16:26:24,buy,36.0,36986.2
2023-11-27 16:26:26,buy,2.0,36989.0
2023-11-27 16:26:32,sell,150.0,36988.9
2023-11-27 16:26:51,buy,43.0,36989.0
2023-11-27 16:26:53,buy,14.0,36989.0
2023-11-27 16:26:57,buy,55.0,36989.0
2023-11-27 16:26:58,buy,1.0,36989.9
2023-11-27 16:26:59,buy,1500.0,36995.5
2023-11-27 16:27:00,buy,1.0,37000.0
2023-11-27 16:27:02,buy,80.0,37000.0
2023-11-27 16:27:04,buy,18.0,37000.0
2023-11-27 16:27:05,sell,80.0,36999.9
2023-11-27 16:27:08,buy,1.0,36994.5
2023-11-27 16:27:11,sell,1.0,36994.4
2023-11-27 16:27:19,sell,6.0,36994.4
2023-11-27 16:27:24,sell,403.0,36994.4
2023-11-27 16:27:26,sell,2.0,36993.5
2023-11-27 16:27:27,sell,10.0,36993.5
2023-11-27 16:27:30,buy,238.0,36993.6
2023-11-27 16:27:35,sell,15.0,37000.8
2023-11-27 16:27:36,buy,1.0,37000.9
2023-11-27 16:27:39,buy,1.0,37001.9
2023-11-27 16:27:41,buy,10.0,37003.7
2023-11-27 16:27:42,buy,195.0,37003.7
2023-11-27 16:27:43,sell,82.0,37003.6
2023-11-27 16:27:47,buy,12.0,37003.7
2023-11-27 16:27:53,sell,13.0,37003.6
2023-11-27 16:27:56,buy,13.0,36997.3
2023-11-27 16:28:00,sell,2.0,36996.2
2023-11-27 16:28:01,sell,2.0,36995.2
2023-11-27 16:28:03,buy,34.0,36995.3
2023-11-27 16:28:08,buy,42.0,36995.3
2023-11-27 16:28:09,sell,217.0,36994.9
2023-11-27 16:28:19,sell,64.0,36991.9
2023-11-27 16:28:20,buy,34.0,36992.0
2023-11-27 16:28:21,sell,32.0,36991.9
2023-11-27 16:28:25,buy,377.0,36992.0
2023-11-27 16:28:29,sell,1.0,36991.9
2023-11-27 16:28:31,buy,26.0,36992.0
2023-11-27 16:28:33,sell,3.0,36991.9
2023-11-27 16:28:34,sell,99.0,36988.9
2023-11-27 16:28:35,sell,2.0,36980.3
2023-11-27 16:28:41,buy,4.0,36980.4
2023-11-27 16:28:42,sell,1.0,36983.7
2023-11-27 16:28:43,sell,98.0,36983.7
2023-11-27 16:28:47,sell,2.0,36983.7
2023-11-27 16:28:48,buy,10.0,36983.8
2023-11-27 16:28:59,sell,2.0,36980.9
2023-11-27 16:29:00,sell,10.0,36980.8
2023-11-27 16:29:02,sell,10.0,36980.8
2023-11-27 16:29:03,buy,123.0,36980.5
2023-11-27 16:29:10,sell,55.0,36974.3
2023-11-27 16:29:11,sell,20.0,36968.7
2023-11-27 16:29:12,sell,72.0,36968.7
2023-11-27 16:29:13,sell,31.0,36968.7
2023-11-27 16:29:16,sell,1.0,36968.7
2023-11-27 16:29:21,sell,82.0,36974.8
2023-11-27 16:29:22,sell,163.0,36974.8
2023-11-27 16:29:24,buy,2.0,36974.9
2023-11-27 16:29:29,sell,340.0,36982.9
2023-11-27 16:29:31,sell,132.0,36982.9
2023-11-27 16:29:38,buy,1.0,36983.0
2023-11-27 16:29:39,sell,13.0,36994.9
2023-11-27 16:29:50,buy,2.0,36995.0
2023-11-27 16:29:57,sell,5.0,36994.9
2023-11-27 16:30:00,sell,10.0,36988.2
2023-11-27 16:30:04,buy,5.0,36988.3
2023-11-27 16:30:10,buy,12.0,36993.9
2023-11-27 16:30:14,buy,50.0,36996.4
2023-11-27 16:30:15,buy,10.0,36999.4
2023-11-27 16:30:18,sell,4.0,36999.3
2023-11-27 16:30:25,sell,164.0,36999.3
2023-11-27 16:30:28,buy,17.0,36999.4
2023-11-27 16:30:34,buy,65.0,36999.4
2023-11-27 16:30:38,buy,69.0,36999.4
2023-11-27 16:30:41,sell,2.0,36998.9
2023-11-27 16:30:43,buy,71.0,36999.0
2023-11-27 16:30:49,sell,2.0,36997.8
2023-11-27 16:30:52,sell,20.0,36991.9
2023-11-27 16:30:53,buy,29.0,36989.9
2023-11-27 16:30:57,buy,449.0,36986.2
2023-11-27 16:31:00,sell,11.0,36986.1
2023-11-27 16:31:02,buy,2.0,36986.3
2023-11-27 16:31:06,buy,222.0,36989.9
2023-11-27 16:31:07,buy,2.0,36989.9
2023-11-27 16:31:14,buy,2.0,36996.5
2023-11-27 16:31:16,buy,2.0,36997.5
2023-11-27 16:31:20,buy,20.0,37004.6
2023-11-27 16:31:21,buy,3.0,37005.0
2023-11-27 16:31:22,buy,27.0,37009.9
2023-11-27 16:31:23,buy,10.0,37009.9
2023-11-27 16:31:42,buy,27.0,37009.9
2023-11-27 16:31:43,buy,8.0,37012.0
2023-11-27 16:31:49,buy,6.0,37012.0
2023-11-27 16:31:54,sell,4.0,37011.9
2023-11-27 16:31:55,sell,10.0,37011.9
2023-11-27 16:31:57,buy,257.0,37012.0
2023-11-27 16:32:04,buy,21.0,37012.0
2023-11-27 16:32:07,sell,11.0,37011.9
2023-11-27 16:32:08,buy,2.0,37012.0
2023-11-27 16:32:22,sell,7.0,37013.2
2023-11-27 16:32:23,buy,2.0,37013.5
2023-11-27 16:32:27,buy,2.0,37013.9
2023-11-27 16:32:30,buy,2.0,37014.9
2023-11-27 16:32:33,sell,55.0,37014.9
2023-11-27 16:32:43,buy,18.0,37015.0
2023-11-27 16:32:48,sell,80.0,37014.9
2023-11-27 16:32:50,sell,1.0,37014.9
2023-11-27 16:32:53,sell,13.0,37014.9
2023-11-27 16:32:55,buy,12.0,37015.0
2023-11-27 16:32:56,sell,18.0,37014.9
2023-11-27 16:32:58,sell,7.0,37014.9
2023-11-27 16:33:01,buy,10.0,37015.0
2023-11-27 16:33:09,buy,2.0,37016.0
2023-11-27 16:33:20,buy,9.0,37019.7
2023-11-27 16:33:21,buy,4.0,37019.7
2023-11-27 16:33:27,buy,54.0,37019.7
2023-11-27 16:33:33,buy,86.0,37019.7
2023-11-27 16:33:34,buy,2.0,37023.0
2023-11-27 16:33:35,sell,13.0,37025.1
2023-11-27 16:33:36,buy,9.0,37027.5
2023-11-27 16:33:37,sell,77.0,37027.9
2023-11-27 16:33:42,buy,2.0,37028.0
2023-11-27 16:33:45,buy,9.0,37031.4
2023-11-27 16:33:46,buy,13.0,37031.4
2023-11-27 16:34:01,sell,24.0,37031.3
2023-11-27 16:34:03,sell,29.0,37031.3
2023-11-27 16:34:04,buy,2.0,37031.4
2023-11-27 16:34:08,buy,168.0,37031.4
2023-11-27 16:34:10,sell,68.0,37031.3
2023-11-27 16:34:18,buy,2.0,37031.4
2023-11-27 16:34:23,buy,52.0,37031.8
2023-11-27 16:34:25,buy,22.0,37031.8
2023-11-27 16:34:27,sell,34.0,37031.7
2023-11-27 16:34:30,sell,35.0,37031.7
2023-11-27 16:34:32,buy,2.0,37031.8
2023-11-27 16:34:33,buy,4.0,37032.7
2023-11-27 16:34:34,buy,2.0,37032.8
2023-11-27 16:34:36,buy,23.0,37035.4
2023-11-27 16:34:39,sell,9.0,37035.3
2023-11-27 16:34:42,buy,20.0,37035.4
2023-11-27 16:34:44,buy,2.0,37036.5
2023-11-27 16:34:48,buy,2.0,37036.8
2023-11-27 16:34:53,sell,19.0,37036.8
2023-11-27 16:34:57,sell,80.0,37036.8
2023-11-27 16:35:00,sell,2.0,37028.5
2023-11-27 16:35:02,buy,2.0,37029.6
2023-11-27 16:35:06,buy,7.0,37036.9
2023-11-27 16:35:12,sell,2147.0,37037.7
2023-11-27 16:35:17,buy,2.0,37037.8
2023-11-27 16:35:18,buy,2.0,37037.8
2023-11-27 16:35:19,buy,2.0,37040.0
2023-11-27 16:35:23,buy,2.0,37040.0
2023-11-27 16:35:24,buy,1.0,37040.3
2023-11-27 16:35:34,buy,3.0,37042.1
2023-11-27 16:35:37,buy,25.0,37044.0
2023-11-27 16:35:38,buy,4.0,37047.2
2023-11-27 16:35:39,buy,1.0,37047.3
2023-11-27 16:35:40,buy,2.0,37047.3
2023-11-27 16:35:41,sell,9.0,37047.2
2023-11-27 16:35:44,sell,13.0,37047.2
2023-11-27 16:35:46,sell,109.0,37047.2
2023-11-27 16:35:47,sell,2.0,37040.3
2023-11-27 16:35:48,buy,244.0,37037.7
2023-11-27 16:35:56,buy,27.0,37037.7
2023-11-27 16:36:00,sell,55.0,37037.6
2023-11-27 16:36:01,sell,109.0,37030.3
2023-11-27 16:36:06,sell,100.0,37030.3
2023-11-27 16:36:08,buy,10.0,37030.4
2023-11-27 16:36:09,sell,1.0,37035.4
2023-11-27 16:36:15,sell,14.0,37042.1
2023-11-27 16:36:18,sell,31.0,37042.1
2023-11-27 16:36:21,buy,349.0,37042.2
2023-11-27 16:36:26,buy,61.0,37042.2
2023-11-27 16:36:27,buy,8.0,37044.0
2023-11-27 16:36:29,buy,329.0,37044.0
2023-11-27 16:36:31,buy,4.0,37044.0
2023-11-27 16:36:34,buy,8.0,37044.0
2023-11-27 16:36:37,buy,12.0,37044.0
2023-11-27 16:36:47,sell,7.0,37043.9
2023-11-27 16:36:52,sell,16.0,37043.9
2023-11-27 16:36:54,buy,396.0,37044.0
2023-11-27 16:36:57,sell,17.0,37043.9
2023-11-27 16:37:00,buy,50.0,37044.0
2023-11-27 16:37:01,buy,20.0,37044.0
2023-11-27 16:37:06,buy,10.0,37043.0
2023-11-27 16:37:09,sell,2.0,37042.9
2023-11-27 16:37:11,sell,6.0,37042.9
2023-11-27 16:37:17,sell,14.0,37047.1
2023-11-27 16:37:29,sell,4.0,37047.9
2023-11-27 16:37:30,buy,5.0,37051.4
2023-11-27 16:37:31,buy,1.0,37058.9
2023-11-27 16:37:32,buy,1.0,37060.0
2023-11-27 16:37:42,sell,165.0,37059.9
2023-11-27 16:37:45,sell,2.0,37050.7
2023-11-27 16:37:53,sell,109.0,37049.9
2023-11-27 16:37:58,sell,2.0,37046.9
2023-11-27 16:38:00,sell,178.0,37040.5
2023-11-27 16:38:01,buy,13.0,37037.7
2023-11-27 16:38:05,sell,55.0,37037.6
2023-11-27 16:38:09,buy,269.0,37036.7
2023-11-27 16:38:13,sell,443.0,37038.9
2023-11-27 16:38:14,sell,7.0,37030.5
2023-11-27 16:38:18,sell,2.0,37028.2
2023-11-27 16:38:20,sell,48.0,37028.2
2023-11-27 16:38:27,sell,43.0,37028.2
2023-11-27 16:38:29,sell,210.0,37028.2
2023-11-27 16:38:31,sell,20.0,37028.2
2023-11-27 16:38:33,sell,2.0,37024.3
2023-11-27 16:38:34,sell,6.0,37024.3
2023-11-27 16:38:56,sell,3.0,37026.3
2023-11-27 16:38:59,sell,267.0,37026.3
2023-11-27 16:39:04,buy,2.0,37026.4
2023-11-27 16:39:05,sell,20.0,37022.6
2023-11-27 16:39:08,sell,55.0,37019.2
2023-11-27 16:39:09,sell,5.0,37010.0
2023-11-27 16:39:16,buy,90.0,37006.8
2023-11-27 16:39:24,sell,27.0,37019.2
2023-11-27 16:39:25,buy,15.0,37019.3
2023-11-27 16:39:26,sell,301.0,37019.2
2023-11-27 16:39:30,sell,3.0,37002.0
2023-11-27 16:39:35,sell,2.0,36994.6
2023-11-27 16:39:38,buy,31.0,36990.7
2023-11-27 16:39:39,sell,77.0,36990.6
2023-11-27 16:39:41,sell,4.0,36990.6
2023-11-27 16:39:44,sell,12.0,36990.6
2023-11-27 16:39:45,sell,203.0,36990.6
2023-11-27 16:39:50,sell,248.0,36990.6
2023-11-27 16:39:57,sell,375.0,36990.6
2023-11-27 16:40:07,buy,219.0,36990.7
2023-11-27 16:40:14,sell,100.0,37001.0
2023-11-27 16:40:15,buy,2.0,37001.1
2023-11-27 16:40:16,buy,25.0,37004.8
2023-11-27 16:40:26,sell,2.0,37009.4
2023-11-27 16:40:27,sell,5.0,37006.4
2023-11-27 16:40:48,buy,3.0,36997.7
2023-11-27 16:40:50,sell,2.0,36997.6
2023-11-27 16:40:52,sell,2.0,36994.5
2023-11-27 16:40:57,sell,6.0,36986.7
2023-11-27 16:41:04,sell,2.0,36986.7
2023-11-27 16:41:05,buy,523.0,36986.8
2023-11-27 16:41:07,sell,49.0,36986.7
2023-11-27 16:41:20,sell,1.0,36985.8
2023-11-27 16:41:21,sell,1.0,36985.8
2023-11-27 16:41:22,buy,18.0,36985.9
2023-11-27 16:41:23,buy,2.0,36986.6
2023-11-27 16:41:31,sell,469.0,36994.2
2023-11-27 16:41:34,buy,3.0,36994.3
2023-11-27 16:41:38,sell,301.0,36999.9
2023-11-27 16:41:40,sell,2.0,36997.9
2023-11-27 16:41:42,sell,9.0,36994.4
2023-11-27 16:42:22,buy,1.0,36994.5
2023-11-27 16:42:49,buy,84.0,36994.5
2023-11-27 16:42:53,buy,2.0,37006.5
2023-11-27 16:42:54,buy,2.0,37007.5
2023-11-27 16:42:56,buy,1.0,37010.0
2023-11-27 16:42:59,buy,123.0,37012.8
2023-11-27 16:43:03,buy,1.0,37015.0
2023-11-27 16:43:14,sell,18.0,37016.0
2023-11-27 16:43:15,buy,186.0,37000.2
2023-11-27 16:43:19,buy,276.0,37000.2
2023-11-27 16:43:23,sell,2.0,37000.1
2023-11-27 16:43:26,sell,2.0,37000.1
2023-11-27 16:43:27,sell,115.0,36996.3
2023-11-27 16:43:29,buy,195.0,36993.4
2023-11-27 16:43:34,sell,2.0,36993.3
2023-11-27 16:43:35,sell,142.0,36993.3
2023-11-27 16:43:36,buy,1.0,36996.1
2023-11-27 16:43:56,sell,2.0,36993.1
2023-11-27 16:44:02,sell,2.0,36992.3
2023-11-27 16:44:13,sell,340.0,36998.8
2023-11-27 16:44:17,sell,9.0,36998.8
2023-11-27 16:44:27,sell,163.0,36998.8
2023-11-27 16:44:32,buy,21.0,36997.9
2023-11-27 16:44:42,buy,18.0,36997.9
2023-11-27 16:44:43,buy,1.0,36997.9
2023-11-27 16:44:45,buy,1.0,36997.9
2023-11-27 16:44:53,sell,20.0,36997.8
2023-11-27 16:45:02,sell,150.0,36997.8
2023-11-27 16:45:17,sell,25.0,36996.3
2023-11-27 16:45:20,buy,5.0,36992.6
2023-11-27 16:45:21,sell,2.0,36992.5
2023-11-27 16:45:24,sell,20.0,36992.0
2023-11-27 16:45:32,sell,2.0,36990.8
2023-11-27 16:45:33,sell,326.0,36990.0
2023-11-27 16:45:38,sell,133.0,36983.7
2023-11-27 16:45:43,sell,1.0,36982.7
2023-11-27 16:45:46,sell,270.0,36982.7
2023-11-27 16:45:55,sell,1.0,36976.8
2023-11-27 16:46:00,sell,30.0,36976.8
2023-11-27 16:46:01,buy,1.0,36976.9
2023-11-27 16:46:04,buy,2.0,36983.6
2023-11-27 16:46:05,buy,2.0,36987.1
2023-11-27 16:46:08,buy,26.0,36987.1
2023-11-27 16:46:15,sell,49.0,36987.0
2023-11-27 16:46:21,buy,2.0,36988.1
2023-11-27 16:46:29,sell,27.0,36988.0
2023-11-27 16:46:30,sell,136.0,36988.0
2023-11-27 16:46:33,buy,1.0,36988.1
2023-11-27 16:46:41,buy,469.0,36988.1
2023-11-27 16:46:42,sell,18.0,36988.0
2023-11-27 16:47:02,buy,170.0,36988.1
2023-11-27 16:47:10,sell,64.0,36993.7
2023-11-27 16:47:13,sell,7.0,36993.7
2023-11-27 16:47:31,buy,2.0,36994.8
2023-11-27 16:47:32,buy,20.0,36994.9
2023-11-27 16:47:37,buy,7.0,37001.1
2023-11-27 16:47:56,sell,103.0,37008.6
2023-11-27 16:48:04,sell,10.0,37012.4
2023-11-27 16:48:06,buy,163.0,37012.5
2023-11-27 16:48:13,buy,5.0,37012.5
2023-11-27 16:48:18,buy,60.0,37014.8
2023-11-27 16:48:21,buy,571.0,37014.8
2023-11-27 16:48:22,buy,8.0,37014.8
2023-11-27 16:48:29,buy,8.0,37014.8
2023-11-27 16:48:33,sell,13.0,37014.7
2023-11-27 16:48:40,buy,32.0,37014.8
2023-11-27 16:48:51,sell,2.0,37014.7
2023-11-27 16:48:59,sell,2.0,37006.6
2023-11-27 16:49:01,sell,20.0,37005.4
2023-11-27 16:49:10,sell,2.0,37003.7
2023-11-27 16:49:13,sell,2.0,37003.7
2023-11-27 16:49:18,sell,2.0,36993.6
2023-11-27 16:49:35,buy,200.0,36992.8
2023-11-27 16:49:41,buy,13.0,36992.8
2023-11-27 16:49:44,buy,5.0,36996.6
2023-11-27 16:49:45,buy,140.0,36996.6
2023-11-27 16:49:51,buy,347.0,37000.0
2023-11-27 16:49:52,buy,20.0,37003.7
2023-11-27 16:50:03,buy,4.0,37010.4
2023-11-27 16:50:13,buy,1.0,37010.4
2023-11-27 16:50:17,sell,13.0,37010.3
2023-11-27 16:50:25,sell,20.0,37003.6
2023-11-27 16:50:42,buy,2.0,36999.5
2023-11-27 16:50:54,buy,89.0,37003.0
2023-11-27 16:51:35,buy,5.0,37003.0
2023-11-27 16:51:50,buy,2.0,37008.5
2023-11-27 16:51:57,sell,25.0,37011.4
2023-11-27 16:52:13,sell,2.0,37012.7
2023-11-27 16:52:14,buy,2.0,37013.8
2023-11-27 16:52:15,buy,2.0,37018.8
2023-11-27 16:52:26,buy,13.0,37019.5
2023-11-27 16:52:27,sell,20.0,37018.7
2023-11-27 16:52:40,sell,2.0,37006.0
2023-11-27 16:52:41,sell,6.0,37006.0
2023-11-27 16:52:47,sell,29.0,37003.6
2023-11-27 16:52:58,sell,100.0,37003.6
2023-11-27 16:53:07,sell,141.0,37003.6
2023-11-27 16:53:09,sell,2.0,36999.7
